%YAML 1.1
%TAG !u! tag:unity3d.com,2011:
--- !u!1 &3954915092425328725
GameObject:
  m_ObjectHideFlags: 0
  m_CorrespondingSourceObject: {fileID: 0}
  m_PrefabInstance: {fileID: 0}
  m_PrefabAsset: {fileID: 0}
  serializedVersion: 6
  m_Component:
  - component: {fileID: 3954915092425328724}
  m_Layer: 0
  m_Name: 1.MEKAN
  m_TagString: Untagged
  m_Icon: {fileID: 0}
  m_NavMeshLayer: 0
  m_StaticEditorFlags: 0
  m_IsActive: 1
--- !u!4 &3954915092425328724
Transform:
  m_ObjectHideFlags: 0
  m_CorrespondingSourceObject: {fileID: 0}
  m_PrefabInstance: {fileID: 0}
  m_PrefabAsset: {fileID: 0}
  m_GameObject: {fileID: 3954915092425328725}
  m_LocalRotation: {x: 0, y: 0, z: 0, w: 1}
  m_LocalPosition: {x: -13.4219265, y: 11.013218, z: -11.592892}
  m_LocalScale: {x: 1, y: 1, z: 1}
  m_Children:
  - {fileID: 3954915093575298687}
  - {fileID: 1862145465749458850}
  - {fileID: 3954915092927015219}
  - {fileID: 8329436769326912416}
  - {fileID: 8329436769014788472}
  - {fileID: 8329436768727663192}
  - {fileID: 8329436769653865801}
  - {fileID: 8329436768539092132}
  - {fileID: 3954915092746772155}
  - {fileID: 3954915092733047501}
  - {fileID: 3954915093070416546}
  - {fileID: 3954915094192347870}
  - {fileID: 3954915092910416469}
  - {fileID: 3954915093145753336}
  - {fileID: 3517439965532024188}
  - {fileID: 3517439965201410552}
  - {fileID: 3517439965878710722}
  - {fileID: 3517439964970930881}
  m_Father: {fileID: 0}
  m_RootOrder: 0
  m_LocalEulerAnglesHint: {x: 0, y: 0, z: 0}
--- !u!1 &3954915092733047475
GameObject:
  m_ObjectHideFlags: 0
  m_CorrespondingSourceObject: {fileID: 0}
  m_PrefabInstance: {fileID: 0}
  m_PrefabAsset: {fileID: 0}
  serializedVersion: 6
  m_Component:
  - component: {fileID: 3954915092733047501}
  - component: {fileID: 3954915092733047474}
  m_Layer: 0
  m_Name: Wall Lights (1)
  m_TagString: Untagged
  m_Icon: {fileID: 0}
  m_NavMeshLayer: 0
  m_StaticEditorFlags: 0
  m_IsActive: 1
--- !u!4 &3954915092733047501
Transform:
  m_ObjectHideFlags: 0
  m_CorrespondingSourceObject: {fileID: 0}
  m_PrefabInstance: {fileID: 0}
  m_PrefabAsset: {fileID: 0}
  m_GameObject: {fileID: 3954915092733047475}
  m_LocalRotation: {x: 0.7071068, y: -0, z: -0, w: 0.70710677}
  m_LocalPosition: {x: 17.021927, y: -5.403218, z: 29.582891}
  m_LocalScale: {x: 1, y: 1, z: 1}
  m_Children: []
  m_Father: {fileID: 3954915092425328724}
  m_RootOrder: 9
  m_LocalEulerAnglesHint: {x: 90.00001, y: 0, z: 0}
--- !u!108 &3954915092733047474
Light:
  m_ObjectHideFlags: 0
  m_CorrespondingSourceObject: {fileID: 0}
  m_PrefabInstance: {fileID: 0}
  m_PrefabAsset: {fileID: 0}
  m_GameObject: {fileID: 3954915092733047475}
  m_Enabled: 1
  serializedVersion: 10
  m_Type: 0
  m_Shape: 0
  m_Color: {r: 0.990566, g: 0.82702917, b: 0.83016765, a: 1}
  m_Intensity: 3.5
  m_Range: 10
  m_SpotAngle: 152.43964
  m_InnerSpotAngle: 21.80208
  m_CookieSize: 10
  m_Shadows:
    m_Type: 0
    m_Resolution: -1
    m_CustomResolution: -1
    m_Strength: 1
    m_Bias: 0.05
    m_NormalBias: 0.4
    m_NearPlane: 0.2
    m_CullingMatrixOverride:
      e00: 1
      e01: 0
      e02: 0
      e03: 0
      e10: 0
      e11: 1
      e12: 0
      e13: 0
      e20: 0
      e21: 0
      e22: 1
      e23: 0
      e30: 0
      e31: 0
      e32: 0
      e33: 1
    m_UseCullingMatrixOverride: 0
  m_Cookie: {fileID: 0}
  m_DrawHalo: 0
  m_Flare: {fileID: 0}
  m_RenderMode: 0
  m_CullingMask:
    serializedVersion: 2
    m_Bits: 4294967295
  m_RenderingLayerMask: 1
  m_Lightmapping: 4
  m_LightShadowCasterMode: 0
  m_AreaSize: {x: 1, y: 1}
  m_BounceIntensity: 1
  m_ColorTemperature: 6570
  m_UseColorTemperature: 0
  m_BoundingSphereOverride: {x: 0, y: 0, z: 0, w: 0}
  m_UseBoundingSphereOverride: 0
  m_ShadowRadius: 0
  m_ShadowAngle: 0
--- !u!1 &3954915092746772153
GameObject:
  m_ObjectHideFlags: 0
  m_CorrespondingSourceObject: {fileID: 0}
  m_PrefabInstance: {fileID: 0}
  m_PrefabAsset: {fileID: 0}
  serializedVersion: 6
  m_Component:
  - component: {fileID: 3954915092746772155}
  - component: {fileID: 3954915092746772152}
  m_Layer: 0
  m_Name: Wall Lights
  m_TagString: Untagged
  m_Icon: {fileID: 0}
  m_NavMeshLayer: 0
  m_StaticEditorFlags: 0
  m_IsActive: 1
--- !u!4 &3954915092746772155
Transform:
  m_ObjectHideFlags: 0
  m_CorrespondingSourceObject: {fileID: 0}
  m_PrefabInstance: {fileID: 0}
  m_PrefabAsset: {fileID: 0}
  m_GameObject: {fileID: 3954915092746772153}
  m_LocalRotation: {x: 0.7071068, y: -0, z: -0, w: 0.70710677}
  m_LocalPosition: {x: 17.021927, y: -5.403218, z: 33.68289}
  m_LocalScale: {x: 1, y: 1, z: 1}
  m_Children: []
  m_Father: {fileID: 3954915092425328724}
  m_RootOrder: 8
  m_LocalEulerAnglesHint: {x: 90.00001, y: 0, z: 0}
--- !u!108 &3954915092746772152
Light:
  m_ObjectHideFlags: 0
  m_CorrespondingSourceObject: {fileID: 0}
  m_PrefabInstance: {fileID: 0}
  m_PrefabAsset: {fileID: 0}
  m_GameObject: {fileID: 3954915092746772153}
  m_Enabled: 1
  serializedVersion: 10
  m_Type: 0
  m_Shape: 0
  m_Color: {r: 0.990566, g: 0.82702917, b: 0.83016765, a: 1}
  m_Intensity: 3.5
  m_Range: 10
  m_SpotAngle: 152.43964
  m_InnerSpotAngle: 21.80208
  m_CookieSize: 10
  m_Shadows:
    m_Type: 0
    m_Resolution: -1
    m_CustomResolution: -1
    m_Strength: 1
    m_Bias: 0.05
    m_NormalBias: 0.4
    m_NearPlane: 0.2
    m_CullingMatrixOverride:
      e00: 1
      e01: 0
      e02: 0
      e03: 0
      e10: 0
      e11: 1
      e12: 0
      e13: 0
      e20: 0
      e21: 0
      e22: 1
      e23: 0
      e30: 0
      e31: 0
      e32: 0
      e33: 1
    m_UseCullingMatrixOverride: 0
  m_Cookie: {fileID: 0}
  m_DrawHalo: 0
  m_Flare: {fileID: 0}
  m_RenderMode: 0
  m_CullingMask:
    serializedVersion: 2
    m_Bits: 4294967295
  m_RenderingLayerMask: 1
  m_Lightmapping: 4
  m_LightShadowCasterMode: 0
  m_AreaSize: {x: 1, y: 1}
  m_BounceIntensity: 1
  m_ColorTemperature: 6570
  m_UseColorTemperature: 0
  m_BoundingSphereOverride: {x: 0, y: 0, z: 0, w: 0}
  m_UseBoundingSphereOverride: 0
  m_ShadowRadius: 0
  m_ShadowAngle: 0
--- !u!1 &3954915092910416475
GameObject:
  m_ObjectHideFlags: 0
  m_CorrespondingSourceObject: {fileID: 0}
  m_PrefabInstance: {fileID: 0}
  m_PrefabAsset: {fileID: 0}
  serializedVersion: 6
  m_Component:
  - component: {fileID: 3954915092910416469}
  - component: {fileID: 3954915092910416474}
  m_Layer: 0
  m_Name: Wall Lights (4)
  m_TagString: Untagged
  m_Icon: {fileID: 0}
  m_NavMeshLayer: 0
  m_StaticEditorFlags: 0
  m_IsActive: 1
--- !u!4 &3954915092910416469
Transform:
  m_ObjectHideFlags: 0
  m_CorrespondingSourceObject: {fileID: 0}
  m_PrefabInstance: {fileID: 0}
  m_PrefabAsset: {fileID: 0}
  m_GameObject: {fileID: 3954915092910416475}
  m_LocalRotation: {x: 0.7071068, y: -0, z: -0, w: 0.70710677}
  m_LocalPosition: {x: 17.021927, y: -5.403218, z: 38.46289}
  m_LocalScale: {x: 1, y: 1, z: 1}
  m_Children: []
  m_Father: {fileID: 3954915092425328724}
  m_RootOrder: 12
  m_LocalEulerAnglesHint: {x: 90.00001, y: 0, z: 0}
--- !u!108 &3954915092910416474
Light:
  m_ObjectHideFlags: 0
  m_CorrespondingSourceObject: {fileID: 0}
  m_PrefabInstance: {fileID: 0}
  m_PrefabAsset: {fileID: 0}
  m_GameObject: {fileID: 3954915092910416475}
  m_Enabled: 1
  serializedVersion: 10
  m_Type: 0
  m_Shape: 0
  m_Color: {r: 0.990566, g: 0.82702917, b: 0.83016765, a: 1}
  m_Intensity: 3.5
  m_Range: 10
  m_SpotAngle: 152.43964
  m_InnerSpotAngle: 21.80208
  m_CookieSize: 10
  m_Shadows:
    m_Type: 0
    m_Resolution: -1
    m_CustomResolution: -1
    m_Strength: 1
    m_Bias: 0.05
    m_NormalBias: 0.4
    m_NearPlane: 0.2
    m_CullingMatrixOverride:
      e00: 1
      e01: 0
      e02: 0
      e03: 0
      e10: 0
      e11: 1
      e12: 0
      e13: 0
      e20: 0
      e21: 0
      e22: 1
      e23: 0
      e30: 0
      e31: 0
      e32: 0
      e33: 1
    m_UseCullingMatrixOverride: 0
  m_Cookie: {fileID: 0}
  m_DrawHalo: 0
  m_Flare: {fileID: 0}
  m_RenderMode: 0
  m_CullingMask:
    serializedVersion: 2
    m_Bits: 4294967295
  m_RenderingLayerMask: 1
  m_Lightmapping: 4
  m_LightShadowCasterMode: 0
  m_AreaSize: {x: 1, y: 1}
  m_BounceIntensity: 1
  m_ColorTemperature: 6570
  m_UseColorTemperature: 0
  m_BoundingSphereOverride: {x: 0, y: 0, z: 0, w: 0}
  m_UseBoundingSphereOverride: 0
  m_ShadowRadius: 0
  m_ShadowAngle: 0
--- !u!1 &3954915092927015216
GameObject:
  m_ObjectHideFlags: 0
  m_CorrespondingSourceObject: {fileID: 0}
  m_PrefabInstance: {fileID: 0}
  m_PrefabAsset: {fileID: 0}
  serializedVersion: 6
  m_Component:
  - component: {fileID: 3954915092927015219}
  m_Layer: 0
  m_Name: Rails
  m_TagString: Untagged
  m_Icon: {fileID: 0}
  m_NavMeshLayer: 0
  m_StaticEditorFlags: 0
  m_IsActive: 1
--- !u!4 &3954915092927015219
Transform:
  m_ObjectHideFlags: 0
  m_CorrespondingSourceObject: {fileID: 0}
  m_PrefabInstance: {fileID: 0}
  m_PrefabAsset: {fileID: 0}
  m_GameObject: {fileID: 3954915092927015216}
  m_LocalRotation: {x: -0, y: -0, z: -0, w: 1}
  m_LocalPosition: {x: 27.65064, y: -13.917874, z: 24.223633}
  m_LocalScale: {x: 1, y: 1, z: 1}
  m_Children:
  - {fileID: 3957808121678400106}
  - {fileID: 3957808119870557968}
  - {fileID: 3957808120039651191}
  - {fileID: 3957808120505906379}
  - {fileID: 3957808121066328894}
  - {fileID: 3957808121509328360}
  - {fileID: 3957808121259713565}
  - {fileID: 3957808119974625283}
  m_Father: {fileID: 3954915092425328724}
  m_RootOrder: 2
  m_LocalEulerAnglesHint: {x: 0, y: 0, z: 0}
--- !u!1 &3954915093070416544
GameObject:
  m_ObjectHideFlags: 0
  m_CorrespondingSourceObject: {fileID: 0}
  m_PrefabInstance: {fileID: 0}
  m_PrefabAsset: {fileID: 0}
  serializedVersion: 6
  m_Component:
  - component: {fileID: 3954915093070416546}
  - component: {fileID: 3954915093070416547}
  m_Layer: 0
  m_Name: Wall Lights (2)
  m_TagString: Untagged
  m_Icon: {fileID: 0}
  m_NavMeshLayer: 0
  m_StaticEditorFlags: 0
  m_IsActive: 1
--- !u!4 &3954915093070416546
Transform:
  m_ObjectHideFlags: 0
  m_CorrespondingSourceObject: {fileID: 0}
  m_PrefabInstance: {fileID: 0}
  m_PrefabAsset: {fileID: 0}
  m_GameObject: {fileID: 3954915093070416544}
  m_LocalRotation: {x: 0.68301284, y: 0.18301238, z: -0.18301238, w: 0.6830128}
  m_LocalPosition: {x: 17.021927, y: -5.403218, z: 25.532892}
  m_LocalScale: {x: 1, y: 1, z: 1}
  m_Children: []
  m_Father: {fileID: 3954915092425328724}
  m_RootOrder: 10
  m_LocalEulerAnglesHint: {x: 90.00001, y: 0, z: -30.000002}
--- !u!108 &3954915093070416547
Light:
  m_ObjectHideFlags: 0
  m_CorrespondingSourceObject: {fileID: 0}
  m_PrefabInstance: {fileID: 0}
  m_PrefabAsset: {fileID: 0}
  m_GameObject: {fileID: 3954915093070416544}
  m_Enabled: 1
  serializedVersion: 10
  m_Type: 0
  m_Shape: 0
  m_Color: {r: 0.990566, g: 0.82702917, b: 0.83016765, a: 1}
  m_Intensity: 3.5
  m_Range: 10
  m_SpotAngle: 152.43964
  m_InnerSpotAngle: 21.80208
  m_CookieSize: 10
  m_Shadows:
    m_Type: 0
    m_Resolution: -1
    m_CustomResolution: -1
    m_Strength: 1
    m_Bias: 0.05
    m_NormalBias: 0.4
    m_NearPlane: 0.2
    m_CullingMatrixOverride:
      e00: 1
      e01: 0
      e02: 0
      e03: 0
      e10: 0
      e11: 1
      e12: 0
      e13: 0
      e20: 0
      e21: 0
      e22: 1
      e23: 0
      e30: 0
      e31: 0
      e32: 0
      e33: 1
    m_UseCullingMatrixOverride: 0
  m_Cookie: {fileID: 0}
  m_DrawHalo: 0
  m_Flare: {fileID: 0}
  m_RenderMode: 0
  m_CullingMask:
    serializedVersion: 2
    m_Bits: 4294967295
  m_RenderingLayerMask: 1
  m_Lightmapping: 4
  m_LightShadowCasterMode: 0
  m_AreaSize: {x: 1, y: 1}
  m_BounceIntensity: 1
  m_ColorTemperature: 6570
  m_UseColorTemperature: 0
  m_BoundingSphereOverride: {x: 0, y: 0, z: 0, w: 0}
  m_UseBoundingSphereOverride: 0
  m_ShadowRadius: 0
  m_ShadowAngle: 0
--- !u!1 &3954915093145753342
GameObject:
  m_ObjectHideFlags: 0
  m_CorrespondingSourceObject: {fileID: 0}
  m_PrefabInstance: {fileID: 0}
  m_PrefabAsset: {fileID: 0}
  serializedVersion: 6
  m_Component:
  - component: {fileID: 3954915093145753336}
  - component: {fileID: 3954915093145753337}
  m_Layer: 0
  m_Name: DENEME
  m_TagString: Untagged
  m_Icon: {fileID: 0}
  m_NavMeshLayer: 0
  m_StaticEditorFlags: 0
  m_IsActive: 1
--- !u!4 &3954915093145753336
Transform:
  m_ObjectHideFlags: 0
  m_CorrespondingSourceObject: {fileID: 0}
  m_PrefabInstance: {fileID: 0}
  m_PrefabAsset: {fileID: 0}
  m_GameObject: {fileID: 3954915093145753342}
  m_LocalRotation: {x: 0.6714221, y: 0.12065688, z: 0.57114, w: 0.45654503}
  m_LocalPosition: {x: 19.879253, y: -6.557479, z: 6.461199}
  m_LocalScale: {x: 1, y: 1, z: 1}
  m_Children: []
  m_Father: {fileID: 3954915092425328724}
  m_RootOrder: 13
  m_LocalEulerAnglesHint: {x: 28.375002, y: 85.485, z: 129.026}
--- !u!108 &3954915093145753337
Light:
  m_ObjectHideFlags: 0
  m_CorrespondingSourceObject: {fileID: 0}
  m_PrefabInstance: {fileID: 0}
  m_PrefabAsset: {fileID: 0}
  m_GameObject: {fileID: 3954915093145753342}
  m_Enabled: 1
  serializedVersion: 10
  m_Type: 1
  m_Shape: 0
  m_Color: {r: 1, g: 1, b: 1, a: 1}
  m_Intensity: 1
  m_Range: 10
  m_SpotAngle: 30
  m_InnerSpotAngle: 21.80208
  m_CookieSize: 10
  m_Shadows:
    m_Type: 0
    m_Resolution: -1
    m_CustomResolution: -1
    m_Strength: 1
    m_Bias: 0.05
    m_NormalBias: 0.4
    m_NearPlane: 0.2
    m_CullingMatrixOverride:
      e00: 1
      e01: 0
      e02: 0
      e03: 0
      e10: 0
      e11: 1
      e12: 0
      e13: 0
      e20: 0
      e21: 0
      e22: 1
      e23: 0
      e30: 0
      e31: 0
      e32: 0
      e33: 1
    m_UseCullingMatrixOverride: 0
  m_Cookie: {fileID: 0}
  m_DrawHalo: 0
  m_Flare: {fileID: 0}
  m_RenderMode: 0
  m_CullingMask:
    serializedVersion: 2
    m_Bits: 4294967295
  m_RenderingLayerMask: 1
  m_Lightmapping: 4
  m_LightShadowCasterMode: 0
  m_AreaSize: {x: 1, y: 1}
  m_BounceIntensity: 1
  m_ColorTemperature: 6570
  m_UseColorTemperature: 0
  m_BoundingSphereOverride: {x: 0, y: 0, z: 0, w: 0}
  m_UseBoundingSphereOverride: 0
  m_ShadowRadius: 0
  m_ShadowAngle: 0
--- !u!1 &3954915093575298684
GameObject:
  m_ObjectHideFlags: 0
  m_CorrespondingSourceObject: {fileID: 0}
  m_PrefabInstance: {fileID: 0}
  m_PrefabAsset: {fileID: 0}
  serializedVersion: 6
  m_Component:
  - component: {fileID: 3954915093575298687}
  m_Layer: 0
  m_Name: FirstFloor
  m_TagString: Untagged
  m_Icon: {fileID: 0}
  m_NavMeshLayer: 0
  m_StaticEditorFlags: 0
  m_IsActive: 1
--- !u!4 &3954915093575298687
Transform:
  m_ObjectHideFlags: 0
  m_CorrespondingSourceObject: {fileID: 0}
  m_PrefabInstance: {fileID: 0}
  m_PrefabAsset: {fileID: 0}
  m_GameObject: {fileID: 3954915093575298684}
  m_LocalRotation: {x: -0, y: -0, z: -0, w: 1}
  m_LocalPosition: {x: 13.4219265, y: -11.013218, z: 35.10289}
  m_LocalScale: {x: 1, y: 1, z: 1}
  m_Children:
  - {fileID: 3959780708695587256}
  - {fileID: 3959780709085747946}
  m_Father: {fileID: 3954915092425328724}
  m_RootOrder: 0
  m_LocalEulerAnglesHint: {x: 0, y: 0, z: 0}
--- !u!1 &3954915094192347868
GameObject:
  m_ObjectHideFlags: 0
  m_CorrespondingSourceObject: {fileID: 0}
  m_PrefabInstance: {fileID: 0}
  m_PrefabAsset: {fileID: 0}
  serializedVersion: 6
  m_Component:
  - component: {fileID: 3954915094192347870}
  - component: {fileID: 3954915094192347871}
  m_Layer: 0
  m_Name: Wall Lights (5)
  m_TagString: Untagged
  m_Icon: {fileID: 0}
  m_NavMeshLayer: 0
  m_StaticEditorFlags: 0
  m_IsActive: 0
--- !u!4 &3954915094192347870
Transform:
  m_ObjectHideFlags: 0
  m_CorrespondingSourceObject: {fileID: 0}
  m_PrefabInstance: {fileID: 0}
  m_PrefabAsset: {fileID: 0}
  m_GameObject: {fileID: 3954915094192347868}
  m_LocalRotation: {x: 0.7071068, y: -0, z: -0, w: 0.70710677}
  m_LocalPosition: {x: 21.881927, y: -6.143218, z: 26.882893}
  m_LocalScale: {x: 1, y: 1, z: 1}
  m_Children: []
  m_Father: {fileID: 3954915092425328724}
  m_RootOrder: 11
  m_LocalEulerAnglesHint: {x: 90.00001, y: 0, z: 0}
--- !u!108 &3954915094192347871
Light:
  m_ObjectHideFlags: 0
  m_CorrespondingSourceObject: {fileID: 0}
  m_PrefabInstance: {fileID: 0}
  m_PrefabAsset: {fileID: 0}
  m_GameObject: {fileID: 3954915094192347868}
  m_Enabled: 1
  serializedVersion: 10
  m_Type: 0
  m_Shape: 0
  m_Color: {r: 0.990566, g: 0.82702917, b: 0.83016765, a: 1}
  m_Intensity: 3.5
  m_Range: 10
  m_SpotAngle: 152.43964
  m_InnerSpotAngle: 21.80208
  m_CookieSize: 10
  m_Shadows:
    m_Type: 0
    m_Resolution: -1
    m_CustomResolution: -1
    m_Strength: 1
    m_Bias: 0.05
    m_NormalBias: 0.4
    m_NearPlane: 0.2
    m_CullingMatrixOverride:
      e00: 1
      e01: 0
      e02: 0
      e03: 0
      e10: 0
      e11: 1
      e12: 0
      e13: 0
      e20: 0
      e21: 0
      e22: 1
      e23: 0
      e30: 0
      e31: 0
      e32: 0
      e33: 1
    m_UseCullingMatrixOverride: 0
  m_Cookie: {fileID: 0}
  m_DrawHalo: 0
  m_Flare: {fileID: 0}
  m_RenderMode: 0
  m_CullingMask:
    serializedVersion: 2
    m_Bits: 4294967295
  m_RenderingLayerMask: 1
  m_Lightmapping: 4
  m_LightShadowCasterMode: 0
  m_AreaSize: {x: 1, y: 1}
  m_BounceIntensity: 1
  m_ColorTemperature: 6570
  m_UseColorTemperature: 0
  m_BoundingSphereOverride: {x: 0, y: 0, z: 0, w: 0}
  m_UseBoundingSphereOverride: 0
  m_ShadowRadius: 0
  m_ShadowAngle: 0
--- !u!1001 &2298366599394126441
PrefabInstance:
  m_ObjectHideFlags: 0
  serializedVersion: 2
  m_Modification:
    m_TransformParent: {fileID: 3954915092425328724}
    m_Modifications:
    - target: {fileID: 446660458005112267, guid: b0846b64d1c870f408c9afc2a8e85b81,
        type: 3}
      propertyPath: m_LocalPosition.x
      value: 14.151926
      objectReference: {fileID: 0}
    - target: {fileID: 446660458005112267, guid: b0846b64d1c870f408c9afc2a8e85b81,
        type: 3}
      propertyPath: m_LocalPosition.y
      value: -11.013218
      objectReference: {fileID: 0}
    - target: {fileID: 446660458005112267, guid: b0846b64d1c870f408c9afc2a8e85b81,
        type: 3}
      propertyPath: m_LocalPosition.z
      value: 25.202892
      objectReference: {fileID: 0}
    - target: {fileID: 446660458005112267, guid: b0846b64d1c870f408c9afc2a8e85b81,
        type: 3}
      propertyPath: m_LocalRotation.x
      value: -0
      objectReference: {fileID: 0}
    - target: {fileID: 446660458005112267, guid: b0846b64d1c870f408c9afc2a8e85b81,
        type: 3}
      propertyPath: m_LocalRotation.y
      value: -0
      objectReference: {fileID: 0}
    - target: {fileID: 446660458005112267, guid: b0846b64d1c870f408c9afc2a8e85b81,
        type: 3}
      propertyPath: m_LocalRotation.z
      value: -0
      objectReference: {fileID: 0}
    - target: {fileID: 446660458005112267, guid: b0846b64d1c870f408c9afc2a8e85b81,
        type: 3}
      propertyPath: m_LocalRotation.w
      value: 1
      objectReference: {fileID: 0}
    - target: {fileID: 446660458005112267, guid: b0846b64d1c870f408c9afc2a8e85b81,
        type: 3}
      propertyPath: m_RootOrder
      value: 1
      objectReference: {fileID: 0}
    - target: {fileID: 446660458005112267, guid: b0846b64d1c870f408c9afc2a8e85b81,
        type: 3}
      propertyPath: m_LocalEulerAnglesHint.x
      value: 0
      objectReference: {fileID: 0}
    - target: {fileID: 446660458005112267, guid: b0846b64d1c870f408c9afc2a8e85b81,
        type: 3}
      propertyPath: m_LocalEulerAnglesHint.y
      value: 0
      objectReference: {fileID: 0}
    - target: {fileID: 446660458005112267, guid: b0846b64d1c870f408c9afc2a8e85b81,
        type: 3}
      propertyPath: m_LocalEulerAnglesHint.z
      value: 0
      objectReference: {fileID: 0}
    - target: {fileID: 2658572263277484396, guid: b0846b64d1c870f408c9afc2a8e85b81,
        type: 3}
      propertyPath: m_Name
      value: "Giri\u015F"
      objectReference: {fileID: 0}
    m_RemovedComponents: []
  m_SourcePrefab: {fileID: 100100000, guid: b0846b64d1c870f408c9afc2a8e85b81, type: 3}
--- !u!4 &1862145465749458850 stripped
Transform:
  m_CorrespondingSourceObject: {fileID: 446660458005112267, guid: b0846b64d1c870f408c9afc2a8e85b81,
    type: 3}
  m_PrefabInstance: {fileID: 2298366599394126441}
  m_PrefabAsset: {fileID: 0}
--- !u!1001 &3954915092168066422
PrefabInstance:
  m_ObjectHideFlags: 0
  serializedVersion: 2
  m_Modification:
    m_TransformParent: {fileID: 3954915093575298687}
    m_Modifications:
    - target: {fileID: 1570628789228942, guid: baebdd3b26f756b4c8f1b2d2efe1cf42, type: 3}
      propertyPath: m_Name
      value: SM_Buildings_Block_1x1_01P
      objectReference: {fileID: 0}
    - target: {fileID: 4883762814713038, guid: baebdd3b26f756b4c8f1b2d2efe1cf42, type: 3}
      propertyPath: m_LocalPosition.x
      value: 0
      objectReference: {fileID: 0}
    - target: {fileID: 4883762814713038, guid: baebdd3b26f756b4c8f1b2d2efe1cf42, type: 3}
      propertyPath: m_LocalPosition.y
      value: 0
      objectReference: {fileID: 0}
    - target: {fileID: 4883762814713038, guid: baebdd3b26f756b4c8f1b2d2efe1cf42, type: 3}
      propertyPath: m_LocalPosition.z
      value: 0
      objectReference: {fileID: 0}
    - target: {fileID: 4883762814713038, guid: baebdd3b26f756b4c8f1b2d2efe1cf42, type: 3}
      propertyPath: m_LocalRotation.x
      value: -0
      objectReference: {fileID: 0}
    - target: {fileID: 4883762814713038, guid: baebdd3b26f756b4c8f1b2d2efe1cf42, type: 3}
      propertyPath: m_LocalRotation.y
      value: -0
      objectReference: {fileID: 0}
    - target: {fileID: 4883762814713038, guid: baebdd3b26f756b4c8f1b2d2efe1cf42, type: 3}
      propertyPath: m_LocalRotation.z
      value: -0
      objectReference: {fileID: 0}
    - target: {fileID: 4883762814713038, guid: baebdd3b26f756b4c8f1b2d2efe1cf42, type: 3}
      propertyPath: m_LocalRotation.w
      value: 1
      objectReference: {fileID: 0}
    - target: {fileID: 4883762814713038, guid: baebdd3b26f756b4c8f1b2d2efe1cf42, type: 3}
      propertyPath: m_RootOrder
      value: 0
      objectReference: {fileID: 0}
    - target: {fileID: 4883762814713038, guid: baebdd3b26f756b4c8f1b2d2efe1cf42, type: 3}
      propertyPath: m_LocalEulerAnglesHint.x
      value: 0
      objectReference: {fileID: 0}
    - target: {fileID: 4883762814713038, guid: baebdd3b26f756b4c8f1b2d2efe1cf42, type: 3}
      propertyPath: m_LocalEulerAnglesHint.y
      value: 0
      objectReference: {fileID: 0}
    - target: {fileID: 4883762814713038, guid: baebdd3b26f756b4c8f1b2d2efe1cf42, type: 3}
      propertyPath: m_LocalEulerAnglesHint.z
      value: 0
      objectReference: {fileID: 0}
    - target: {fileID: 4883762814713038, guid: baebdd3b26f756b4c8f1b2d2efe1cf42, type: 3}
      propertyPath: m_LocalScale.y
      value: 1
      objectReference: {fileID: 0}
    - target: {fileID: 4883762814713038, guid: baebdd3b26f756b4c8f1b2d2efe1cf42, type: 3}
      propertyPath: m_LocalScale.x
      value: 3
      objectReference: {fileID: 0}
    - target: {fileID: 4883762814713038, guid: baebdd3b26f756b4c8f1b2d2efe1cf42, type: 3}
      propertyPath: m_LocalScale.z
      value: 10
      objectReference: {fileID: 0}
    m_RemovedComponents: []
  m_SourcePrefab: {fileID: 100100000, guid: baebdd3b26f756b4c8f1b2d2efe1cf42, type: 3}
--- !u!4 &3959780708695587256 stripped
Transform:
  m_CorrespondingSourceObject: {fileID: 4883762814713038, guid: baebdd3b26f756b4c8f1b2d2efe1cf42,
    type: 3}
  m_PrefabInstance: {fileID: 3954915092168066422}
  m_PrefabAsset: {fileID: 0}
--- !u!1001 &3954915092502698370
PrefabInstance:
  m_ObjectHideFlags: 0
  serializedVersion: 2
  m_Modification:
    m_TransformParent: {fileID: 3954915092927015219}
    m_Modifications:
    - target: {fileID: 1576974579525394, guid: 99f02f99c9384e44f96a578070591d9e, type: 3}
      propertyPath: m_Name
      value: SM_Buildings_Rail_5x1_01P (2)
      objectReference: {fileID: 0}
    - target: {fileID: 4041626896750226, guid: 99f02f99c9384e44f96a578070591d9e, type: 3}
      propertyPath: m_LocalPosition.x
      value: -14.608714
      objectReference: {fileID: 0}
    - target: {fileID: 4041626896750226, guid: 99f02f99c9384e44f96a578070591d9e, type: 3}
      propertyPath: m_LocalPosition.y
      value: 3.8876562
      objectReference: {fileID: 0}
    - target: {fileID: 4041626896750226, guid: 99f02f99c9384e44f96a578070591d9e, type: 3}
      propertyPath: m_LocalPosition.z
      value: 15.810723
      objectReference: {fileID: 0}
    - target: {fileID: 4041626896750226, guid: 99f02f99c9384e44f96a578070591d9e, type: 3}
      propertyPath: m_LocalRotation.x
      value: -0
      objectReference: {fileID: 0}
    - target: {fileID: 4041626896750226, guid: 99f02f99c9384e44f96a578070591d9e, type: 3}
      propertyPath: m_LocalRotation.y
      value: -0
      objectReference: {fileID: 0}
    - target: {fileID: 4041626896750226, guid: 99f02f99c9384e44f96a578070591d9e, type: 3}
      propertyPath: m_LocalRotation.z
      value: -0
      objectReference: {fileID: 0}
    - target: {fileID: 4041626896750226, guid: 99f02f99c9384e44f96a578070591d9e, type: 3}
      propertyPath: m_LocalRotation.w
      value: 1
      objectReference: {fileID: 0}
    - target: {fileID: 4041626896750226, guid: 99f02f99c9384e44f96a578070591d9e, type: 3}
      propertyPath: m_RootOrder
      value: 1
      objectReference: {fileID: 0}
    - target: {fileID: 4041626896750226, guid: 99f02f99c9384e44f96a578070591d9e, type: 3}
      propertyPath: m_LocalEulerAnglesHint.x
      value: 0
      objectReference: {fileID: 0}
    - target: {fileID: 4041626896750226, guid: 99f02f99c9384e44f96a578070591d9e, type: 3}
      propertyPath: m_LocalEulerAnglesHint.y
      value: 0
      objectReference: {fileID: 0}
    - target: {fileID: 4041626896750226, guid: 99f02f99c9384e44f96a578070591d9e, type: 3}
      propertyPath: m_LocalEulerAnglesHint.z
      value: 0
      objectReference: {fileID: 0}
    m_RemovedComponents: []
  m_SourcePrefab: {fileID: 100100000, guid: 99f02f99c9384e44f96a578070591d9e, type: 3}
--- !u!4 &3957808119870557968 stripped
Transform:
  m_CorrespondingSourceObject: {fileID: 4041626896750226, guid: 99f02f99c9384e44f96a578070591d9e,
    type: 3}
  m_PrefabInstance: {fileID: 3954915092502698370}
  m_PrefabAsset: {fileID: 0}
--- !u!1001 &3954915092516048830
PrefabInstance:
  m_ObjectHideFlags: 0
  serializedVersion: 2
  m_Modification:
    m_TransformParent: {fileID: 3954915092425328724}
    m_Modifications:
    - target: {fileID: -4216859302048453862, guid: 24218469e6e315d498e6e24745e400bc,
        type: 3}
      propertyPath: m_LocalPosition.x
      value: 14.721927
      objectReference: {fileID: 0}
    - target: {fileID: -4216859302048453862, guid: 24218469e6e315d498e6e24745e400bc,
        type: 3}
      propertyPath: m_LocalPosition.y
      value: -7.883218
      objectReference: {fileID: 0}
    - target: {fileID: -4216859302048453862, guid: 24218469e6e315d498e6e24745e400bc,
        type: 3}
      propertyPath: m_LocalPosition.z
      value: 26.842892
      objectReference: {fileID: 0}
    - target: {fileID: -4216859302048453862, guid: 24218469e6e315d498e6e24745e400bc,
        type: 3}
      propertyPath: m_LocalRotation.x
      value: -0.6945472
      objectReference: {fileID: 0}
    - target: {fileID: -4216859302048453862, guid: 24218469e6e315d498e6e24745e400bc,
        type: 3}
      propertyPath: m_LocalRotation.y
      value: -0.13268143
      objectReference: {fileID: 0}
    - target: {fileID: -4216859302048453862, guid: 24218469e6e315d498e6e24745e400bc,
        type: 3}
      propertyPath: m_LocalRotation.z
      value: -0.13268137
      objectReference: {fileID: 0}
    - target: {fileID: -4216859302048453862, guid: 24218469e6e315d498e6e24745e400bc,
        type: 3}
      propertyPath: m_LocalRotation.w
      value: 0.694547
      objectReference: {fileID: 0}
    - target: {fileID: -4216859302048453862, guid: 24218469e6e315d498e6e24745e400bc,
        type: 3}
      propertyPath: m_RootOrder
      value: 7
      objectReference: {fileID: 0}
    - target: {fileID: -4216859302048453862, guid: 24218469e6e315d498e6e24745e400bc,
        type: 3}
      propertyPath: m_LocalEulerAnglesHint.x
      value: -90.00001
      objectReference: {fileID: 0}
    - target: {fileID: -4216859302048453862, guid: 24218469e6e315d498e6e24745e400bc,
        type: 3}
      propertyPath: m_LocalEulerAnglesHint.y
      value: 0
      objectReference: {fileID: 0}
    - target: {fileID: -4216859302048453862, guid: 24218469e6e315d498e6e24745e400bc,
        type: 3}
      propertyPath: m_LocalEulerAnglesHint.z
      value: -21.630001
      objectReference: {fileID: 0}
    - target: {fileID: -927199367670048503, guid: 24218469e6e315d498e6e24745e400bc,
        type: 3}
      propertyPath: m_Name
      value: Kutu (5)
      objectReference: {fileID: 0}
    m_RemovedComponents: []
  m_SourcePrefab: {fileID: 100100000, guid: 24218469e6e315d498e6e24745e400bc, type: 3}
--- !u!4 &8329436768539092132 stripped
Transform:
  m_CorrespondingSourceObject: {fileID: -4216859302048453862, guid: 24218469e6e315d498e6e24745e400bc,
    type: 3}
  m_PrefabInstance: {fileID: 3954915092516048830}
  m_PrefabAsset: {fileID: 0}
--- !u!1001 &3954915092582950436
PrefabInstance:
  m_ObjectHideFlags: 0
  serializedVersion: 2
  m_Modification:
    m_TransformParent: {fileID: 3954915093575298687}
    m_Modifications:
    - target: {fileID: 1570628789228942, guid: baebdd3b26f756b4c8f1b2d2efe1cf42, type: 3}
      propertyPath: m_Name
      value: SM_Buildings_Block_1x1_01P (1)
      objectReference: {fileID: 0}
    - target: {fileID: 4883762814713038, guid: baebdd3b26f756b4c8f1b2d2efe1cf42, type: 3}
      propertyPath: m_LocalPosition.x
      value: 0
      objectReference: {fileID: 0}
    - target: {fileID: 4883762814713038, guid: baebdd3b26f756b4c8f1b2d2efe1cf42, type: 3}
      propertyPath: m_LocalPosition.y
      value: 0
      objectReference: {fileID: 0}
    - target: {fileID: 4883762814713038, guid: baebdd3b26f756b4c8f1b2d2efe1cf42, type: 3}
      propertyPath: m_LocalPosition.z
      value: -10
      objectReference: {fileID: 0}
    - target: {fileID: 4883762814713038, guid: baebdd3b26f756b4c8f1b2d2efe1cf42, type: 3}
      propertyPath: m_LocalRotation.x
      value: -0
      objectReference: {fileID: 0}
    - target: {fileID: 4883762814713038, guid: baebdd3b26f756b4c8f1b2d2efe1cf42, type: 3}
      propertyPath: m_LocalRotation.y
      value: -0
      objectReference: {fileID: 0}
    - target: {fileID: 4883762814713038, guid: baebdd3b26f756b4c8f1b2d2efe1cf42, type: 3}
      propertyPath: m_LocalRotation.z
      value: -0
      objectReference: {fileID: 0}
    - target: {fileID: 4883762814713038, guid: baebdd3b26f756b4c8f1b2d2efe1cf42, type: 3}
      propertyPath: m_LocalRotation.w
      value: 1
      objectReference: {fileID: 0}
    - target: {fileID: 4883762814713038, guid: baebdd3b26f756b4c8f1b2d2efe1cf42, type: 3}
      propertyPath: m_RootOrder
      value: 1
      objectReference: {fileID: 0}
    - target: {fileID: 4883762814713038, guid: baebdd3b26f756b4c8f1b2d2efe1cf42, type: 3}
      propertyPath: m_LocalEulerAnglesHint.x
      value: 0
      objectReference: {fileID: 0}
    - target: {fileID: 4883762814713038, guid: baebdd3b26f756b4c8f1b2d2efe1cf42, type: 3}
      propertyPath: m_LocalEulerAnglesHint.y
      value: 0
      objectReference: {fileID: 0}
    - target: {fileID: 4883762814713038, guid: baebdd3b26f756b4c8f1b2d2efe1cf42, type: 3}
      propertyPath: m_LocalEulerAnglesHint.z
      value: 0
      objectReference: {fileID: 0}
    - target: {fileID: 4883762814713038, guid: baebdd3b26f756b4c8f1b2d2efe1cf42, type: 3}
      propertyPath: m_LocalScale.y
      value: 1
      objectReference: {fileID: 0}
    - target: {fileID: 4883762814713038, guid: baebdd3b26f756b4c8f1b2d2efe1cf42, type: 3}
      propertyPath: m_LocalScale.x
      value: 3
      objectReference: {fileID: 0}
    - target: {fileID: 4883762814713038, guid: baebdd3b26f756b4c8f1b2d2efe1cf42, type: 3}
      propertyPath: m_LocalScale.z
      value: 10
      objectReference: {fileID: 0}
    m_RemovedComponents: []
  m_SourcePrefab: {fileID: 100100000, guid: baebdd3b26f756b4c8f1b2d2efe1cf42, type: 3}
--- !u!4 &3959780709085747946 stripped
Transform:
  m_CorrespondingSourceObject: {fileID: 4883762814713038, guid: baebdd3b26f756b4c8f1b2d2efe1cf42,
    type: 3}
  m_PrefabInstance: {fileID: 3954915092582950436}
  m_PrefabAsset: {fileID: 0}
--- !u!1001 &3954915092602053093
PrefabInstance:
  m_ObjectHideFlags: 0
  serializedVersion: 2
  m_Modification:
    m_TransformParent: {fileID: 3954915092927015219}
    m_Modifications:
    - target: {fileID: 1576974579525394, guid: 99f02f99c9384e44f96a578070591d9e, type: 3}
      propertyPath: m_Name
      value: SM_Buildings_Rail_5x1_01P (3)
      objectReference: {fileID: 0}
    - target: {fileID: 4041626896750226, guid: 99f02f99c9384e44f96a578070591d9e, type: 3}
      propertyPath: m_LocalPosition.x
      value: -11.738714
      objectReference: {fileID: 0}
    - target: {fileID: 4041626896750226, guid: 99f02f99c9384e44f96a578070591d9e, type: 3}
      propertyPath: m_LocalPosition.y
      value: 3.8876562
      objectReference: {fileID: 0}
    - target: {fileID: 4041626896750226, guid: 99f02f99c9384e44f96a578070591d9e, type: 3}
      propertyPath: m_LocalPosition.z
      value: 10.869259
      objectReference: {fileID: 0}
    - target: {fileID: 4041626896750226, guid: 99f02f99c9384e44f96a578070591d9e, type: 3}
      propertyPath: m_LocalRotation.x
      value: -0
      objectReference: {fileID: 0}
    - target: {fileID: 4041626896750226, guid: 99f02f99c9384e44f96a578070591d9e, type: 3}
      propertyPath: m_LocalRotation.y
      value: -0
      objectReference: {fileID: 0}
    - target: {fileID: 4041626896750226, guid: 99f02f99c9384e44f96a578070591d9e, type: 3}
      propertyPath: m_LocalRotation.z
      value: -0
      objectReference: {fileID: 0}
    - target: {fileID: 4041626896750226, guid: 99f02f99c9384e44f96a578070591d9e, type: 3}
      propertyPath: m_LocalRotation.w
      value: 1
      objectReference: {fileID: 0}
    - target: {fileID: 4041626896750226, guid: 99f02f99c9384e44f96a578070591d9e, type: 3}
      propertyPath: m_RootOrder
      value: 2
      objectReference: {fileID: 0}
    - target: {fileID: 4041626896750226, guid: 99f02f99c9384e44f96a578070591d9e, type: 3}
      propertyPath: m_LocalEulerAnglesHint.x
      value: 0
      objectReference: {fileID: 0}
    - target: {fileID: 4041626896750226, guid: 99f02f99c9384e44f96a578070591d9e, type: 3}
      propertyPath: m_LocalEulerAnglesHint.y
      value: 0
      objectReference: {fileID: 0}
    - target: {fileID: 4041626896750226, guid: 99f02f99c9384e44f96a578070591d9e, type: 3}
      propertyPath: m_LocalEulerAnglesHint.z
      value: 0
      objectReference: {fileID: 0}
    m_RemovedComponents: []
  m_SourcePrefab: {fileID: 100100000, guid: 99f02f99c9384e44f96a578070591d9e, type: 3}
--- !u!4 &3957808120039651191 stripped
Transform:
  m_CorrespondingSourceObject: {fileID: 4041626896750226, guid: 99f02f99c9384e44f96a578070591d9e,
    type: 3}
  m_PrefabInstance: {fileID: 3954915092602053093}
  m_PrefabAsset: {fileID: 0}
--- !u!1001 &3954915092667061905
PrefabInstance:
  m_ObjectHideFlags: 0
  serializedVersion: 2
  m_Modification:
    m_TransformParent: {fileID: 3954915092927015219}
    m_Modifications:
    - target: {fileID: 1576974579525394, guid: 99f02f99c9384e44f96a578070591d9e, type: 3}
      propertyPath: m_Name
      value: SM_Buildings_Rail_5x1_01P (8)
      objectReference: {fileID: 0}
    - target: {fileID: 4041626896750226, guid: 99f02f99c9384e44f96a578070591d9e, type: 3}
      propertyPath: m_LocalPosition.x
      value: -14.608714
      objectReference: {fileID: 0}
    - target: {fileID: 4041626896750226, guid: 99f02f99c9384e44f96a578070591d9e, type: 3}
      propertyPath: m_LocalPosition.y
      value: 3.8876562
      objectReference: {fileID: 0}
    - target: {fileID: 4041626896750226, guid: 99f02f99c9384e44f96a578070591d9e, type: 3}
      propertyPath: m_LocalPosition.z
      value: 0.88925934
      objectReference: {fileID: 0}
    - target: {fileID: 4041626896750226, guid: 99f02f99c9384e44f96a578070591d9e, type: 3}
      propertyPath: m_LocalRotation.x
      value: -0
      objectReference: {fileID: 0}
    - target: {fileID: 4041626896750226, guid: 99f02f99c9384e44f96a578070591d9e, type: 3}
      propertyPath: m_LocalRotation.y
      value: -0
      objectReference: {fileID: 0}
    - target: {fileID: 4041626896750226, guid: 99f02f99c9384e44f96a578070591d9e, type: 3}
      propertyPath: m_LocalRotation.z
      value: -0
      objectReference: {fileID: 0}
    - target: {fileID: 4041626896750226, guid: 99f02f99c9384e44f96a578070591d9e, type: 3}
      propertyPath: m_LocalRotation.w
      value: 1
      objectReference: {fileID: 0}
    - target: {fileID: 4041626896750226, guid: 99f02f99c9384e44f96a578070591d9e, type: 3}
      propertyPath: m_RootOrder
      value: 7
      objectReference: {fileID: 0}
    - target: {fileID: 4041626896750226, guid: 99f02f99c9384e44f96a578070591d9e, type: 3}
      propertyPath: m_LocalEulerAnglesHint.x
      value: 0
      objectReference: {fileID: 0}
    - target: {fileID: 4041626896750226, guid: 99f02f99c9384e44f96a578070591d9e, type: 3}
      propertyPath: m_LocalEulerAnglesHint.y
      value: 0
      objectReference: {fileID: 0}
    - target: {fileID: 4041626896750226, guid: 99f02f99c9384e44f96a578070591d9e, type: 3}
      propertyPath: m_LocalEulerAnglesHint.z
      value: 0
      objectReference: {fileID: 0}
    m_RemovedComponents: []
  m_SourcePrefab: {fileID: 100100000, guid: 99f02f99c9384e44f96a578070591d9e, type: 3}
--- !u!4 &3957808119974625283 stripped
Transform:
  m_CorrespondingSourceObject: {fileID: 4041626896750226, guid: 99f02f99c9384e44f96a578070591d9e,
    type: 3}
  m_PrefabInstance: {fileID: 3954915092667061905}
  m_PrefabAsset: {fileID: 0}
--- !u!1001 &3954915092722526530
PrefabInstance:
  m_ObjectHideFlags: 0
  serializedVersion: 2
  m_Modification:
    m_TransformParent: {fileID: 3954915092425328724}
    m_Modifications:
    - target: {fileID: -4216859302048453862, guid: 24218469e6e315d498e6e24745e400bc,
        type: 3}
      propertyPath: m_LocalPosition.x
      value: 14.59251
      objectReference: {fileID: 0}
    - target: {fileID: -4216859302048453862, guid: 24218469e6e315d498e6e24745e400bc,
        type: 3}
      propertyPath: m_LocalPosition.y
      value: -9.283218
      objectReference: {fileID: 0}
    - target: {fileID: -4216859302048453862, guid: 24218469e6e315d498e6e24745e400bc,
        type: 3}
      propertyPath: m_LocalPosition.z
      value: 29.062893
      objectReference: {fileID: 0}
    - target: {fileID: -4216859302048453862, guid: 24218469e6e315d498e6e24745e400bc,
        type: 3}
      propertyPath: m_LocalRotation.x
      value: -0.7071068
      objectReference: {fileID: 0}
    - target: {fileID: -4216859302048453862, guid: 24218469e6e315d498e6e24745e400bc,
        type: 3}
      propertyPath: m_LocalRotation.y
      value: -0
      objectReference: {fileID: 0}
    - target: {fileID: -4216859302048453862, guid: 24218469e6e315d498e6e24745e400bc,
        type: 3}
      propertyPath: m_LocalRotation.z
      value: -0
      objectReference: {fileID: 0}
    - target: {fileID: -4216859302048453862, guid: 24218469e6e315d498e6e24745e400bc,
        type: 3}
      propertyPath: m_LocalRotation.w
      value: 0.7071067
      objectReference: {fileID: 0}
    - target: {fileID: -4216859302048453862, guid: 24218469e6e315d498e6e24745e400bc,
        type: 3}
      propertyPath: m_RootOrder
      value: 5
      objectReference: {fileID: 0}
    - target: {fileID: -4216859302048453862, guid: 24218469e6e315d498e6e24745e400bc,
        type: 3}
      propertyPath: m_LocalEulerAnglesHint.x
      value: 0
      objectReference: {fileID: 0}
    - target: {fileID: -4216859302048453862, guid: 24218469e6e315d498e6e24745e400bc,
        type: 3}
      propertyPath: m_LocalEulerAnglesHint.y
      value: 0
      objectReference: {fileID: 0}
    - target: {fileID: -4216859302048453862, guid: 24218469e6e315d498e6e24745e400bc,
        type: 3}
      propertyPath: m_LocalEulerAnglesHint.z
      value: 0
      objectReference: {fileID: 0}
    - target: {fileID: -927199367670048503, guid: 24218469e6e315d498e6e24745e400bc,
        type: 3}
      propertyPath: m_Name
      value: Kutu (3)
      objectReference: {fileID: 0}
    m_RemovedComponents: []
  m_SourcePrefab: {fileID: 100100000, guid: 24218469e6e315d498e6e24745e400bc, type: 3}
--- !u!4 &8329436768727663192 stripped
Transform:
  m_CorrespondingSourceObject: {fileID: -4216859302048453862, guid: 24218469e6e315d498e6e24745e400bc,
    type: 3}
  m_PrefabInstance: {fileID: 3954915092722526530}
  m_PrefabAsset: {fileID: 0}
--- !u!1001 &3954915092854592521
PrefabInstance:
  m_ObjectHideFlags: 0
  serializedVersion: 2
  m_Modification:
    m_TransformParent: {fileID: 3954915092425328724}
    m_Modifications:
    - target: {fileID: 446660458005112267, guid: b0846b64d1c870f408c9afc2a8e85b81,
        type: 3}
      propertyPath: m_LocalPosition.x
      value: 17.261927
      objectReference: {fileID: 0}
    - target: {fileID: 446660458005112267, guid: b0846b64d1c870f408c9afc2a8e85b81,
        type: 3}
      propertyPath: m_LocalPosition.y
      value: -11.013218
      objectReference: {fileID: 0}
    - target: {fileID: 446660458005112267, guid: b0846b64d1c870f408c9afc2a8e85b81,
        type: 3}
      propertyPath: m_LocalPosition.z
      value: 39.60289
      objectReference: {fileID: 0}
    - target: {fileID: 446660458005112267, guid: b0846b64d1c870f408c9afc2a8e85b81,
        type: 3}
      propertyPath: m_LocalRotation.x
      value: -0
      objectReference: {fileID: 0}
    - target: {fileID: 446660458005112267, guid: b0846b64d1c870f408c9afc2a8e85b81,
        type: 3}
      propertyPath: m_LocalRotation.y
      value: 0.7071068
      objectReference: {fileID: 0}
    - target: {fileID: 446660458005112267, guid: b0846b64d1c870f408c9afc2a8e85b81,
        type: 3}
      propertyPath: m_LocalRotation.z
      value: -0
      objectReference: {fileID: 0}
    - target: {fileID: 446660458005112267, guid: b0846b64d1c870f408c9afc2a8e85b81,
        type: 3}
      propertyPath: m_LocalRotation.w
      value: -0.7071068
      objectReference: {fileID: 0}
    - target: {fileID: 446660458005112267, guid: b0846b64d1c870f408c9afc2a8e85b81,
        type: 3}
      propertyPath: m_RootOrder
      value: 16
      objectReference: {fileID: 0}
    - target: {fileID: 446660458005112267, guid: b0846b64d1c870f408c9afc2a8e85b81,
        type: 3}
      propertyPath: m_LocalEulerAnglesHint.x
      value: 0
      objectReference: {fileID: 0}
    - target: {fileID: 446660458005112267, guid: b0846b64d1c870f408c9afc2a8e85b81,
        type: 3}
      propertyPath: m_LocalEulerAnglesHint.y
      value: 270
      objectReference: {fileID: 0}
    - target: {fileID: 446660458005112267, guid: b0846b64d1c870f408c9afc2a8e85b81,
        type: 3}
      propertyPath: m_LocalEulerAnglesHint.z
      value: 0
      objectReference: {fileID: 0}
    - target: {fileID: 446660458005112267, guid: b0846b64d1c870f408c9afc2a8e85b81,
        type: 3}
      propertyPath: m_LocalScale.x
      value: 1
      objectReference: {fileID: 0}
    - target: {fileID: 446660458005112267, guid: b0846b64d1c870f408c9afc2a8e85b81,
        type: 3}
      propertyPath: m_LocalScale.z
      value: 1
      objectReference: {fileID: 0}
    - target: {fileID: 2658572263277484396, guid: b0846b64d1c870f408c9afc2a8e85b81,
        type: 3}
      propertyPath: m_Name
      value: DuvarPrefab (5)
      objectReference: {fileID: 0}
    m_RemovedComponents: []
  m_SourcePrefab: {fileID: 100100000, guid: b0846b64d1c870f408c9afc2a8e85b81, type: 3}
--- !u!4 &3517439965878710722 stripped
Transform:
  m_CorrespondingSourceObject: {fileID: 446660458005112267, guid: b0846b64d1c870f408c9afc2a8e85b81,
    type: 3}
  m_PrefabInstance: {fileID: 3954915092854592521}
  m_PrefabAsset: {fileID: 0}
--- !u!1001 &3954915092958011993
PrefabInstance:
  m_ObjectHideFlags: 0
  serializedVersion: 2
  m_Modification:
    m_TransformParent: {fileID: 3954915092927015219}
    m_Modifications:
    - target: {fileID: 1576974579525394, guid: 99f02f99c9384e44f96a578070591d9e, type: 3}
      propertyPath: m_Name
      value: SM_Buildings_Rail_5x1_01P (4)
      objectReference: {fileID: 0}
    - target: {fileID: 4041626896750226, guid: 99f02f99c9384e44f96a578070591d9e, type: 3}
      propertyPath: m_LocalPosition.x
      value: -14.608714
      objectReference: {fileID: 0}
    - target: {fileID: 4041626896750226, guid: 99f02f99c9384e44f96a578070591d9e, type: 3}
      propertyPath: m_LocalPosition.y
      value: 3.8876562
      objectReference: {fileID: 0}
    - target: {fileID: 4041626896750226, guid: 99f02f99c9384e44f96a578070591d9e, type: 3}
      propertyPath: m_LocalPosition.z
      value: 10.869259
      objectReference: {fileID: 0}
    - target: {fileID: 4041626896750226, guid: 99f02f99c9384e44f96a578070591d9e, type: 3}
      propertyPath: m_LocalRotation.x
      value: -0
      objectReference: {fileID: 0}
    - target: {fileID: 4041626896750226, guid: 99f02f99c9384e44f96a578070591d9e, type: 3}
      propertyPath: m_LocalRotation.y
      value: -0
      objectReference: {fileID: 0}
    - target: {fileID: 4041626896750226, guid: 99f02f99c9384e44f96a578070591d9e, type: 3}
      propertyPath: m_LocalRotation.z
      value: -0
      objectReference: {fileID: 0}
    - target: {fileID: 4041626896750226, guid: 99f02f99c9384e44f96a578070591d9e, type: 3}
      propertyPath: m_LocalRotation.w
      value: 1
      objectReference: {fileID: 0}
    - target: {fileID: 4041626896750226, guid: 99f02f99c9384e44f96a578070591d9e, type: 3}
      propertyPath: m_RootOrder
      value: 3
      objectReference: {fileID: 0}
    - target: {fileID: 4041626896750226, guid: 99f02f99c9384e44f96a578070591d9e, type: 3}
      propertyPath: m_LocalEulerAnglesHint.x
      value: 0
      objectReference: {fileID: 0}
    - target: {fileID: 4041626896750226, guid: 99f02f99c9384e44f96a578070591d9e, type: 3}
      propertyPath: m_LocalEulerAnglesHint.y
      value: 0
      objectReference: {fileID: 0}
    - target: {fileID: 4041626896750226, guid: 99f02f99c9384e44f96a578070591d9e, type: 3}
      propertyPath: m_LocalEulerAnglesHint.z
      value: 0
      objectReference: {fileID: 0}
    m_RemovedComponents: []
  m_SourcePrefab: {fileID: 100100000, guid: 99f02f99c9384e44f96a578070591d9e, type: 3}
--- !u!4 &3957808120505906379 stripped
Transform:
  m_CorrespondingSourceObject: {fileID: 4041626896750226, guid: 99f02f99c9384e44f96a578070591d9e,
    type: 3}
  m_PrefabInstance: {fileID: 3954915092958011993}
  m_PrefabAsset: {fileID: 0}
--- !u!1001 &3954915093043321442
PrefabInstance:
  m_ObjectHideFlags: 0
  serializedVersion: 2
  m_Modification:
    m_TransformParent: {fileID: 3954915092425328724}
    m_Modifications:
    - target: {fileID: -4216859302048453862, guid: 24218469e6e315d498e6e24745e400bc,
        type: 3}
      propertyPath: m_LocalPosition.x
      value: 14.411926
      objectReference: {fileID: 0}
    - target: {fileID: -4216859302048453862, guid: 24218469e6e315d498e6e24745e400bc,
        type: 3}
      propertyPath: m_LocalPosition.y
      value: -9.393218
      objectReference: {fileID: 0}
    - target: {fileID: -4216859302048453862, guid: 24218469e6e315d498e6e24745e400bc,
        type: 3}
      propertyPath: m_LocalPosition.z
      value: 27.532892
      objectReference: {fileID: 0}
    - target: {fileID: -4216859302048453862, guid: 24218469e6e315d498e6e24745e400bc,
        type: 3}
      propertyPath: m_LocalRotation.x
      value: -0.70473576
      objectReference: {fileID: 0}
    - target: {fileID: -4216859302048453862, guid: 24218469e6e315d498e6e24745e400bc,
        type: 3}
      propertyPath: m_LocalRotation.y
      value: -0.057858687
      objectReference: {fileID: 0}
    - target: {fileID: -4216859302048453862, guid: 24218469e6e315d498e6e24745e400bc,
        type: 3}
      propertyPath: m_LocalRotation.z
      value: -0.057858683
      objectReference: {fileID: 0}
    - target: {fileID: -4216859302048453862, guid: 24218469e6e315d498e6e24745e400bc,
        type: 3}
      propertyPath: m_LocalRotation.w
      value: 0.70473564
      objectReference: {fileID: 0}
    - target: {fileID: -4216859302048453862, guid: 24218469e6e315d498e6e24745e400bc,
        type: 3}
      propertyPath: m_RootOrder
      value: 4
      objectReference: {fileID: 0}
    - target: {fileID: -4216859302048453862, guid: 24218469e6e315d498e6e24745e400bc,
        type: 3}
      propertyPath: m_LocalEulerAnglesHint.x
      value: -89.97201
      objectReference: {fileID: 0}
    - target: {fileID: -4216859302048453862, guid: 24218469e6e315d498e6e24745e400bc,
        type: 3}
      propertyPath: m_LocalEulerAnglesHint.y
      value: 0
      objectReference: {fileID: 0}
    - target: {fileID: -4216859302048453862, guid: 24218469e6e315d498e6e24745e400bc,
        type: 3}
      propertyPath: m_LocalEulerAnglesHint.z
      value: -9.387
      objectReference: {fileID: 0}
    - target: {fileID: -927199367670048503, guid: 24218469e6e315d498e6e24745e400bc,
        type: 3}
      propertyPath: m_Name
      value: Kutu (2)
      objectReference: {fileID: 0}
    m_RemovedComponents: []
  m_SourcePrefab: {fileID: 100100000, guid: 24218469e6e315d498e6e24745e400bc, type: 3}
--- !u!4 &8329436769014788472 stripped
Transform:
  m_CorrespondingSourceObject: {fileID: -4216859302048453862, guid: 24218469e6e315d498e6e24745e400bc,
    type: 3}
  m_PrefabInstance: {fileID: 3954915093043321442}
  m_PrefabAsset: {fileID: 0}
--- !u!1001 &3954915093277946511
PrefabInstance:
  m_ObjectHideFlags: 0
  serializedVersion: 2
  m_Modification:
    m_TransformParent: {fileID: 3954915092927015219}
    m_Modifications:
    - target: {fileID: 1576974579525394, guid: 99f02f99c9384e44f96a578070591d9e, type: 3}
      propertyPath: m_Name
      value: SM_Buildings_Rail_5x1_01P (7)
      objectReference: {fileID: 0}
    - target: {fileID: 4041626896750226, guid: 99f02f99c9384e44f96a578070591d9e, type: 3}
      propertyPath: m_LocalPosition.x
      value: -11.738714
      objectReference: {fileID: 0}
    - target: {fileID: 4041626896750226, guid: 99f02f99c9384e44f96a578070591d9e, type: 3}
      propertyPath: m_LocalPosition.y
      value: 3.8876562
      objectReference: {fileID: 0}
    - target: {fileID: 4041626896750226, guid: 99f02f99c9384e44f96a578070591d9e, type: 3}
      propertyPath: m_LocalPosition.z
      value: 0.88925934
      objectReference: {fileID: 0}
    - target: {fileID: 4041626896750226, guid: 99f02f99c9384e44f96a578070591d9e, type: 3}
      propertyPath: m_LocalRotation.x
      value: -0
      objectReference: {fileID: 0}
    - target: {fileID: 4041626896750226, guid: 99f02f99c9384e44f96a578070591d9e, type: 3}
      propertyPath: m_LocalRotation.y
      value: -0
      objectReference: {fileID: 0}
    - target: {fileID: 4041626896750226, guid: 99f02f99c9384e44f96a578070591d9e, type: 3}
      propertyPath: m_LocalRotation.z
      value: -0
      objectReference: {fileID: 0}
    - target: {fileID: 4041626896750226, guid: 99f02f99c9384e44f96a578070591d9e, type: 3}
      propertyPath: m_LocalRotation.w
      value: 1
      objectReference: {fileID: 0}
    - target: {fileID: 4041626896750226, guid: 99f02f99c9384e44f96a578070591d9e, type: 3}
      propertyPath: m_RootOrder
      value: 6
      objectReference: {fileID: 0}
    - target: {fileID: 4041626896750226, guid: 99f02f99c9384e44f96a578070591d9e, type: 3}
      propertyPath: m_LocalEulerAnglesHint.x
      value: 0
      objectReference: {fileID: 0}
    - target: {fileID: 4041626896750226, guid: 99f02f99c9384e44f96a578070591d9e, type: 3}
      propertyPath: m_LocalEulerAnglesHint.y
      value: 0
      objectReference: {fileID: 0}
    - target: {fileID: 4041626896750226, guid: 99f02f99c9384e44f96a578070591d9e, type: 3}
      propertyPath: m_LocalEulerAnglesHint.z
      value: 0
      objectReference: {fileID: 0}
    m_RemovedComponents: []
  m_SourcePrefab: {fileID: 100100000, guid: 99f02f99c9384e44f96a578070591d9e, type: 3}
--- !u!4 &3957808121259713565 stripped
Transform:
  m_CorrespondingSourceObject: {fileID: 4041626896750226, guid: 99f02f99c9384e44f96a578070591d9e,
    type: 3}
  m_PrefabInstance: {fileID: 3954915093277946511}
  m_PrefabAsset: {fileID: 0}
--- !u!1001 &3954915093339666618
PrefabInstance:
  m_ObjectHideFlags: 0
  serializedVersion: 2
  m_Modification:
    m_TransformParent: {fileID: 3954915092425328724}
    m_Modifications:
    - target: {fileID: -4216859302048453862, guid: 24218469e6e315d498e6e24745e400bc,
        type: 3}
      propertyPath: m_LocalPosition.x
      value: 14.59251
      objectReference: {fileID: 0}
    - target: {fileID: -4216859302048453862, guid: 24218469e6e315d498e6e24745e400bc,
        type: 3}
      propertyPath: m_LocalPosition.y
      value: -9.283218
      objectReference: {fileID: 0}
    - target: {fileID: -4216859302048453862, guid: 24218469e6e315d498e6e24745e400bc,
        type: 3}
      propertyPath: m_LocalPosition.z
      value: 25.972893
      objectReference: {fileID: 0}
    - target: {fileID: -4216859302048453862, guid: 24218469e6e315d498e6e24745e400bc,
        type: 3}
      propertyPath: m_LocalRotation.x
      value: -0.7071068
      objectReference: {fileID: 0}
    - target: {fileID: -4216859302048453862, guid: 24218469e6e315d498e6e24745e400bc,
        type: 3}
      propertyPath: m_LocalRotation.y
      value: -0
      objectReference: {fileID: 0}
    - target: {fileID: -4216859302048453862, guid: 24218469e6e315d498e6e24745e400bc,
        type: 3}
      propertyPath: m_LocalRotation.z
      value: -0
      objectReference: {fileID: 0}
    - target: {fileID: -4216859302048453862, guid: 24218469e6e315d498e6e24745e400bc,
        type: 3}
      propertyPath: m_LocalRotation.w
      value: 0.7071067
      objectReference: {fileID: 0}
    - target: {fileID: -4216859302048453862, guid: 24218469e6e315d498e6e24745e400bc,
        type: 3}
      propertyPath: m_RootOrder
      value: 3
      objectReference: {fileID: 0}
    - target: {fileID: -4216859302048453862, guid: 24218469e6e315d498e6e24745e400bc,
        type: 3}
      propertyPath: m_LocalEulerAnglesHint.x
      value: 0
      objectReference: {fileID: 0}
    - target: {fileID: -4216859302048453862, guid: 24218469e6e315d498e6e24745e400bc,
        type: 3}
      propertyPath: m_LocalEulerAnglesHint.y
      value: 0
      objectReference: {fileID: 0}
    - target: {fileID: -4216859302048453862, guid: 24218469e6e315d498e6e24745e400bc,
        type: 3}
      propertyPath: m_LocalEulerAnglesHint.z
      value: 0
      objectReference: {fileID: 0}
    - target: {fileID: -927199367670048503, guid: 24218469e6e315d498e6e24745e400bc,
        type: 3}
      propertyPath: m_Name
      value: Kutu (1)
      objectReference: {fileID: 0}
    m_RemovedComponents: []
  m_SourcePrefab: {fileID: 100100000, guid: 24218469e6e315d498e6e24745e400bc, type: 3}
--- !u!4 &8329436769326912416 stripped
Transform:
  m_CorrespondingSourceObject: {fileID: -4216859302048453862, guid: 24218469e6e315d498e6e24745e400bc,
    type: 3}
  m_PrefabInstance: {fileID: 3954915093339666618}
  m_PrefabAsset: {fileID: 0}
--- !u!1001 &3954915093683246675
PrefabInstance:
  m_ObjectHideFlags: 0
  serializedVersion: 2
  m_Modification:
    m_TransformParent: {fileID: 3954915092425328724}
    m_Modifications:
    - target: {fileID: -4216859302048453862, guid: 24218469e6e315d498e6e24745e400bc,
        type: 3}
      propertyPath: m_LocalPosition.x
      value: 14.59251
      objectReference: {fileID: 0}
    - target: {fileID: -4216859302048453862, guid: 24218469e6e315d498e6e24745e400bc,
        type: 3}
      propertyPath: m_LocalPosition.y
      value: -7.883218
      objectReference: {fileID: 0}
    - target: {fileID: -4216859302048453862, guid: 24218469e6e315d498e6e24745e400bc,
        type: 3}
      propertyPath: m_LocalPosition.z
      value: 28.742891
      objectReference: {fileID: 0}
    - target: {fileID: -4216859302048453862, guid: 24218469e6e315d498e6e24745e400bc,
        type: 3}
      propertyPath: m_LocalRotation.x
      value: -0.7071068
      objectReference: {fileID: 0}
    - target: {fileID: -4216859302048453862, guid: 24218469e6e315d498e6e24745e400bc,
        type: 3}
      propertyPath: m_LocalRotation.y
      value: -0
      objectReference: {fileID: 0}
    - target: {fileID: -4216859302048453862, guid: 24218469e6e315d498e6e24745e400bc,
        type: 3}
      propertyPath: m_LocalRotation.z
      value: -0
      objectReference: {fileID: 0}
    - target: {fileID: -4216859302048453862, guid: 24218469e6e315d498e6e24745e400bc,
        type: 3}
      propertyPath: m_LocalRotation.w
      value: 0.7071068
      objectReference: {fileID: 0}
    - target: {fileID: -4216859302048453862, guid: 24218469e6e315d498e6e24745e400bc,
        type: 3}
      propertyPath: m_RootOrder
      value: 6
      objectReference: {fileID: 0}
    - target: {fileID: -4216859302048453862, guid: 24218469e6e315d498e6e24745e400bc,
        type: 3}
      propertyPath: m_LocalEulerAnglesHint.x
      value: -90.00001
      objectReference: {fileID: 0}
    - target: {fileID: -4216859302048453862, guid: 24218469e6e315d498e6e24745e400bc,
        type: 3}
      propertyPath: m_LocalEulerAnglesHint.y
      value: 0
      objectReference: {fileID: 0}
    - target: {fileID: -4216859302048453862, guid: 24218469e6e315d498e6e24745e400bc,
        type: 3}
      propertyPath: m_LocalEulerAnglesHint.z
      value: 0
      objectReference: {fileID: 0}
    - target: {fileID: -927199367670048503, guid: 24218469e6e315d498e6e24745e400bc,
        type: 3}
      propertyPath: m_Name
      value: Kutu (4)
      objectReference: {fileID: 0}
    m_RemovedComponents: []
  m_SourcePrefab: {fileID: 100100000, guid: 24218469e6e315d498e6e24745e400bc, type: 3}
--- !u!4 &8329436769653865801 stripped
Transform:
  m_CorrespondingSourceObject: {fileID: -4216859302048453862, guid: 24218469e6e315d498e6e24745e400bc,
    type: 3}
  m_PrefabInstance: {fileID: 3954915093683246675}
  m_PrefabAsset: {fileID: 0}
--- !u!1001 &3954915093722842540
PrefabInstance:
  m_ObjectHideFlags: 0
  serializedVersion: 2
  m_Modification:
    m_TransformParent: {fileID: 3954915092927015219}
    m_Modifications:
    - target: {fileID: 1576974579525394, guid: 99f02f99c9384e44f96a578070591d9e, type: 3}
      propertyPath: m_Name
      value: SM_Buildings_Rail_5x1_01P (5)
      objectReference: {fileID: 0}
    - target: {fileID: 4041626896750226, guid: 99f02f99c9384e44f96a578070591d9e, type: 3}
      propertyPath: m_LocalPosition.x
      value: -11.738714
      objectReference: {fileID: 0}
    - target: {fileID: 4041626896750226, guid: 99f02f99c9384e44f96a578070591d9e, type: 3}
      propertyPath: m_LocalPosition.y
      value: 3.8876562
      objectReference: {fileID: 0}
    - target: {fileID: 4041626896750226, guid: 99f02f99c9384e44f96a578070591d9e, type: 3}
      propertyPath: m_LocalPosition.z
      value: 5.8892593
      objectReference: {fileID: 0}
    - target: {fileID: 4041626896750226, guid: 99f02f99c9384e44f96a578070591d9e, type: 3}
      propertyPath: m_LocalRotation.x
      value: -0
      objectReference: {fileID: 0}
    - target: {fileID: 4041626896750226, guid: 99f02f99c9384e44f96a578070591d9e, type: 3}
      propertyPath: m_LocalRotation.y
      value: -0
      objectReference: {fileID: 0}
    - target: {fileID: 4041626896750226, guid: 99f02f99c9384e44f96a578070591d9e, type: 3}
      propertyPath: m_LocalRotation.z
      value: -0
      objectReference: {fileID: 0}
    - target: {fileID: 4041626896750226, guid: 99f02f99c9384e44f96a578070591d9e, type: 3}
      propertyPath: m_LocalRotation.w
      value: 1
      objectReference: {fileID: 0}
    - target: {fileID: 4041626896750226, guid: 99f02f99c9384e44f96a578070591d9e, type: 3}
      propertyPath: m_RootOrder
      value: 4
      objectReference: {fileID: 0}
    - target: {fileID: 4041626896750226, guid: 99f02f99c9384e44f96a578070591d9e, type: 3}
      propertyPath: m_LocalEulerAnglesHint.x
      value: 0
      objectReference: {fileID: 0}
    - target: {fileID: 4041626896750226, guid: 99f02f99c9384e44f96a578070591d9e, type: 3}
      propertyPath: m_LocalEulerAnglesHint.y
      value: 0
      objectReference: {fileID: 0}
    - target: {fileID: 4041626896750226, guid: 99f02f99c9384e44f96a578070591d9e, type: 3}
      propertyPath: m_LocalEulerAnglesHint.z
      value: 0
      objectReference: {fileID: 0}
    m_RemovedComponents: []
  m_SourcePrefab: {fileID: 100100000, guid: 99f02f99c9384e44f96a578070591d9e, type: 3}
--- !u!4 &3957808121066328894 stripped
Transform:
  m_CorrespondingSourceObject: {fileID: 4041626896750226, guid: 99f02f99c9384e44f96a578070591d9e,
    type: 3}
  m_PrefabInstance: {fileID: 3954915093722842540}
  m_PrefabAsset: {fileID: 0}
--- !u!1001 &3954915093733951671
PrefabInstance:
  m_ObjectHideFlags: 0
  serializedVersion: 2
  m_Modification:
    m_TransformParent: {fileID: 3954915092425328724}
    m_Modifications:
    - target: {fileID: 446660458005112267, guid: b0846b64d1c870f408c9afc2a8e85b81,
        type: 3}
      propertyPath: m_LocalPosition.x
      value: 17.261927
      objectReference: {fileID: 0}
    - target: {fileID: 446660458005112267, guid: b0846b64d1c870f408c9afc2a8e85b81,
        type: 3}
      propertyPath: m_LocalPosition.y
      value: -11.013218
      objectReference: {fileID: 0}
    - target: {fileID: 446660458005112267, guid: b0846b64d1c870f408c9afc2a8e85b81,
        type: 3}
      propertyPath: m_LocalPosition.z
      value: 31.062893
      objectReference: {fileID: 0}
    - target: {fileID: 446660458005112267, guid: b0846b64d1c870f408c9afc2a8e85b81,
        type: 3}
      propertyPath: m_LocalRotation.x
      value: -0
      objectReference: {fileID: 0}
    - target: {fileID: 446660458005112267, guid: b0846b64d1c870f408c9afc2a8e85b81,
        type: 3}
      propertyPath: m_LocalRotation.y
      value: 0.7071068
      objectReference: {fileID: 0}
    - target: {fileID: 446660458005112267, guid: b0846b64d1c870f408c9afc2a8e85b81,
        type: 3}
      propertyPath: m_LocalRotation.z
      value: -0
      objectReference: {fileID: 0}
    - target: {fileID: 446660458005112267, guid: b0846b64d1c870f408c9afc2a8e85b81,
        type: 3}
      propertyPath: m_LocalRotation.w
      value: -0.7071068
      objectReference: {fileID: 0}
    - target: {fileID: 446660458005112267, guid: b0846b64d1c870f408c9afc2a8e85b81,
        type: 3}
      propertyPath: m_RootOrder
      value: 14
      objectReference: {fileID: 0}
    - target: {fileID: 446660458005112267, guid: b0846b64d1c870f408c9afc2a8e85b81,
        type: 3}
      propertyPath: m_LocalEulerAnglesHint.x
      value: 0
      objectReference: {fileID: 0}
    - target: {fileID: 446660458005112267, guid: b0846b64d1c870f408c9afc2a8e85b81,
        type: 3}
      propertyPath: m_LocalEulerAnglesHint.y
      value: 270
      objectReference: {fileID: 0}
    - target: {fileID: 446660458005112267, guid: b0846b64d1c870f408c9afc2a8e85b81,
        type: 3}
      propertyPath: m_LocalEulerAnglesHint.z
      value: 0
      objectReference: {fileID: 0}
    - target: {fileID: 446660458005112267, guid: b0846b64d1c870f408c9afc2a8e85b81,
        type: 3}
      propertyPath: m_LocalScale.x
      value: 1
      objectReference: {fileID: 0}
    - target: {fileID: 446660458005112267, guid: b0846b64d1c870f408c9afc2a8e85b81,
        type: 3}
      propertyPath: m_LocalScale.z
      value: 1
      objectReference: {fileID: 0}
    - target: {fileID: 2658572263277484396, guid: b0846b64d1c870f408c9afc2a8e85b81,
        type: 3}
      propertyPath: m_Name
      value: DuvarPrefab (3)
      objectReference: {fileID: 0}
    m_RemovedComponents: []
  m_SourcePrefab: {fileID: 100100000, guid: b0846b64d1c870f408c9afc2a8e85b81, type: 3}
--- !u!4 &3517439965532024188 stripped
Transform:
  m_CorrespondingSourceObject: {fileID: 446660458005112267, guid: b0846b64d1c870f408c9afc2a8e85b81,
    type: 3}
  m_PrefabInstance: {fileID: 3954915093733951671}
  m_PrefabAsset: {fileID: 0}
--- !u!1001 &3954915093757654794
PrefabInstance:
  m_ObjectHideFlags: 0
  serializedVersion: 2
  m_Modification:
    m_TransformParent: {fileID: 3954915092425328724}
    m_Modifications:
    - target: {fileID: 446660458005112267, guid: b0846b64d1c870f408c9afc2a8e85b81,
        type: 3}
      propertyPath: m_LocalPosition.x
      value: 17.261927
      objectReference: {fileID: 0}
    - target: {fileID: 446660458005112267, guid: b0846b64d1c870f408c9afc2a8e85b81,
        type: 3}
      propertyPath: m_LocalPosition.y
      value: -11.013218
      objectReference: {fileID: 0}
    - target: {fileID: 446660458005112267, guid: b0846b64d1c870f408c9afc2a8e85b81,
        type: 3}
      propertyPath: m_LocalPosition.z
      value: 35.312893
      objectReference: {fileID: 0}
    - target: {fileID: 446660458005112267, guid: b0846b64d1c870f408c9afc2a8e85b81,
        type: 3}
      propertyPath: m_LocalRotation.x
      value: -0
      objectReference: {fileID: 0}
    - target: {fileID: 446660458005112267, guid: b0846b64d1c870f408c9afc2a8e85b81,
        type: 3}
      propertyPath: m_LocalRotation.y
      value: 0.7071068
      objectReference: {fileID: 0}
    - target: {fileID: 446660458005112267, guid: b0846b64d1c870f408c9afc2a8e85b81,
        type: 3}
      propertyPath: m_LocalRotation.z
      value: -0
      objectReference: {fileID: 0}
    - target: {fileID: 446660458005112267, guid: b0846b64d1c870f408c9afc2a8e85b81,
        type: 3}
      propertyPath: m_LocalRotation.w
      value: -0.7071068
      objectReference: {fileID: 0}
    - target: {fileID: 446660458005112267, guid: b0846b64d1c870f408c9afc2a8e85b81,
        type: 3}
      propertyPath: m_RootOrder
      value: 17
      objectReference: {fileID: 0}
    - target: {fileID: 446660458005112267, guid: b0846b64d1c870f408c9afc2a8e85b81,
        type: 3}
      propertyPath: m_LocalEulerAnglesHint.x
      value: 0
      objectReference: {fileID: 0}
    - target: {fileID: 446660458005112267, guid: b0846b64d1c870f408c9afc2a8e85b81,
        type: 3}
      propertyPath: m_LocalEulerAnglesHint.y
      value: 270
      objectReference: {fileID: 0}
    - target: {fileID: 446660458005112267, guid: b0846b64d1c870f408c9afc2a8e85b81,
        type: 3}
      propertyPath: m_LocalEulerAnglesHint.z
      value: 0
      objectReference: {fileID: 0}
    - target: {fileID: 446660458005112267, guid: b0846b64d1c870f408c9afc2a8e85b81,
        type: 3}
      propertyPath: m_LocalScale.x
      value: 1
      objectReference: {fileID: 0}
    - target: {fileID: 446660458005112267, guid: b0846b64d1c870f408c9afc2a8e85b81,
        type: 3}
      propertyPath: m_LocalScale.z
      value: 1
      objectReference: {fileID: 0}
    - target: {fileID: 2658572263277484396, guid: b0846b64d1c870f408c9afc2a8e85b81,
        type: 3}
      propertyPath: m_Name
      value: DuvarPrefab (6)
      objectReference: {fileID: 0}
    m_RemovedComponents: []
  m_SourcePrefab: {fileID: 100100000, guid: b0846b64d1c870f408c9afc2a8e85b81, type: 3}
--- !u!4 &3517439964970930881 stripped
Transform:
  m_CorrespondingSourceObject: {fileID: 446660458005112267, guid: b0846b64d1c870f408c9afc2a8e85b81,
    type: 3}
  m_PrefabInstance: {fileID: 3954915093757654794}
  m_PrefabAsset: {fileID: 0}
--- !u!1001 &3954915094056143923
PrefabInstance:
  m_ObjectHideFlags: 0
  serializedVersion: 2
  m_Modification:
    m_TransformParent: {fileID: 3954915092425328724}
    m_Modifications:
    - target: {fileID: 446660458005112267, guid: b0846b64d1c870f408c9afc2a8e85b81,
        type: 3}
      propertyPath: m_LocalPosition.x
      value: 17.261927
      objectReference: {fileID: 0}
    - target: {fileID: 446660458005112267, guid: b0846b64d1c870f408c9afc2a8e85b81,
        type: 3}
      propertyPath: m_LocalPosition.y
      value: -11.013218
      objectReference: {fileID: 0}
    - target: {fileID: 446660458005112267, guid: b0846b64d1c870f408c9afc2a8e85b81,
        type: 3}
      propertyPath: m_LocalPosition.z
      value: 26.772892
      objectReference: {fileID: 0}
    - target: {fileID: 446660458005112267, guid: b0846b64d1c870f408c9afc2a8e85b81,
        type: 3}
      propertyPath: m_LocalRotation.x
      value: -0
      objectReference: {fileID: 0}
    - target: {fileID: 446660458005112267, guid: b0846b64d1c870f408c9afc2a8e85b81,
        type: 3}
      propertyPath: m_LocalRotation.y
      value: 0.7071068
      objectReference: {fileID: 0}
    - target: {fileID: 446660458005112267, guid: b0846b64d1c870f408c9afc2a8e85b81,
        type: 3}
      propertyPath: m_LocalRotation.z
      value: -0
      objectReference: {fileID: 0}
    - target: {fileID: 446660458005112267, guid: b0846b64d1c870f408c9afc2a8e85b81,
        type: 3}
      propertyPath: m_LocalRotation.w
      value: -0.7071068
      objectReference: {fileID: 0}
    - target: {fileID: 446660458005112267, guid: b0846b64d1c870f408c9afc2a8e85b81,
        type: 3}
      propertyPath: m_RootOrder
      value: 15
      objectReference: {fileID: 0}
    - target: {fileID: 446660458005112267, guid: b0846b64d1c870f408c9afc2a8e85b81,
        type: 3}
      propertyPath: m_LocalEulerAnglesHint.x
      value: 0
      objectReference: {fileID: 0}
    - target: {fileID: 446660458005112267, guid: b0846b64d1c870f408c9afc2a8e85b81,
        type: 3}
      propertyPath: m_LocalEulerAnglesHint.y
      value: 270
      objectReference: {fileID: 0}
    - target: {fileID: 446660458005112267, guid: b0846b64d1c870f408c9afc2a8e85b81,
        type: 3}
      propertyPath: m_LocalEulerAnglesHint.z
      value: 0
      objectReference: {fileID: 0}
    - target: {fileID: 446660458005112267, guid: b0846b64d1c870f408c9afc2a8e85b81,
        type: 3}
      propertyPath: m_LocalScale.x
      value: 1
      objectReference: {fileID: 0}
    - target: {fileID: 446660458005112267, guid: b0846b64d1c870f408c9afc2a8e85b81,
        type: 3}
      propertyPath: m_LocalScale.z
      value: 1
      objectReference: {fileID: 0}
    - target: {fileID: 2658572263277484396, guid: b0846b64d1c870f408c9afc2a8e85b81,
        type: 3}
      propertyPath: m_Name
      value: DuvarPrefab (4)
      objectReference: {fileID: 0}
    m_RemovedComponents: []
  m_SourcePrefab: {fileID: 100100000, guid: b0846b64d1c870f408c9afc2a8e85b81, type: 3}
--- !u!4 &3517439965201410552 stripped
Transform:
  m_CorrespondingSourceObject: {fileID: 446660458005112267, guid: b0846b64d1c870f408c9afc2a8e85b81,
    type: 3}
  m_PrefabInstance: {fileID: 3954915094056143923}
  m_PrefabAsset: {fileID: 0}
--- !u!1001 &3954915094101943162
PrefabInstance:
  m_ObjectHideFlags: 0
  serializedVersion: 2
  m_Modification:
    m_TransformParent: {fileID: 3954915092927015219}
    m_Modifications:
    - target: {fileID: 1576974579525394, guid: 99f02f99c9384e44f96a578070591d9e, type: 3}
      propertyPath: m_Name
      value: SM_Buildings_Rail_5x1_01P (6)
      objectReference: {fileID: 0}
    - target: {fileID: 4041626896750226, guid: 99f02f99c9384e44f96a578070591d9e, type: 3}
      propertyPath: m_LocalPosition.x
      value: -14.608714
      objectReference: {fileID: 0}
    - target: {fileID: 4041626896750226, guid: 99f02f99c9384e44f96a578070591d9e, type: 3}
      propertyPath: m_LocalPosition.y
      value: 3.8876562
      objectReference: {fileID: 0}
    - target: {fileID: 4041626896750226, guid: 99f02f99c9384e44f96a578070591d9e, type: 3}
      propertyPath: m_LocalPosition.z
      value: 5.8892593
      objectReference: {fileID: 0}
    - target: {fileID: 4041626896750226, guid: 99f02f99c9384e44f96a578070591d9e, type: 3}
      propertyPath: m_LocalRotation.x
      value: -0
      objectReference: {fileID: 0}
    - target: {fileID: 4041626896750226, guid: 99f02f99c9384e44f96a578070591d9e, type: 3}
      propertyPath: m_LocalRotation.y
      value: -0
      objectReference: {fileID: 0}
    - target: {fileID: 4041626896750226, guid: 99f02f99c9384e44f96a578070591d9e, type: 3}
      propertyPath: m_LocalRotation.z
      value: -0
      objectReference: {fileID: 0}
    - target: {fileID: 4041626896750226, guid: 99f02f99c9384e44f96a578070591d9e, type: 3}
      propertyPath: m_LocalRotation.w
      value: 1
      objectReference: {fileID: 0}
    - target: {fileID: 4041626896750226, guid: 99f02f99c9384e44f96a578070591d9e, type: 3}
      propertyPath: m_RootOrder
      value: 5
      objectReference: {fileID: 0}
    - target: {fileID: 4041626896750226, guid: 99f02f99c9384e44f96a578070591d9e, type: 3}
      propertyPath: m_LocalEulerAnglesHint.x
      value: 0
      objectReference: {fileID: 0}
    - target: {fileID: 4041626896750226, guid: 99f02f99c9384e44f96a578070591d9e, type: 3}
      propertyPath: m_LocalEulerAnglesHint.y
      value: 0
      objectReference: {fileID: 0}
    - target: {fileID: 4041626896750226, guid: 99f02f99c9384e44f96a578070591d9e, type: 3}
      propertyPath: m_LocalEulerAnglesHint.z
      value: 0
      objectReference: {fileID: 0}
    m_RemovedComponents: []
  m_SourcePrefab: {fileID: 100100000, guid: 99f02f99c9384e44f96a578070591d9e, type: 3}
--- !u!4 &3957808121509328360 stripped
Transform:
  m_CorrespondingSourceObject: {fileID: 4041626896750226, guid: 99f02f99c9384e44f96a578070591d9e,
    type: 3}
  m_PrefabInstance: {fileID: 3954915094101943162}
  m_PrefabAsset: {fileID: 0}
--- !u!1001 &3954915094201294072
PrefabInstance:
  m_ObjectHideFlags: 0
  serializedVersion: 2
  m_Modification:
    m_TransformParent: {fileID: 3954915092927015219}
    m_Modifications:
    - target: {fileID: 1576974579525394, guid: 99f02f99c9384e44f96a578070591d9e, type: 3}
      propertyPath: m_Name
      value: SM_Buildings_Rail_5x1_01P (1)
      objectReference: {fileID: 0}
    - target: {fileID: 4041626896750226, guid: 99f02f99c9384e44f96a578070591d9e, type: 3}
      propertyPath: m_LocalPosition.x
      value: -11.738714
      objectReference: {fileID: 0}
    - target: {fileID: 4041626896750226, guid: 99f02f99c9384e44f96a578070591d9e, type: 3}
      propertyPath: m_LocalPosition.y
      value: 3.8876562
      objectReference: {fileID: 0}
    - target: {fileID: 4041626896750226, guid: 99f02f99c9384e44f96a578070591d9e, type: 3}
      propertyPath: m_LocalPosition.z
      value: 15.810723
      objectReference: {fileID: 0}
    - target: {fileID: 4041626896750226, guid: 99f02f99c9384e44f96a578070591d9e, type: 3}
      propertyPath: m_LocalRotation.x
      value: -0
      objectReference: {fileID: 0}
    - target: {fileID: 4041626896750226, guid: 99f02f99c9384e44f96a578070591d9e, type: 3}
      propertyPath: m_LocalRotation.y
      value: -0
      objectReference: {fileID: 0}
    - target: {fileID: 4041626896750226, guid: 99f02f99c9384e44f96a578070591d9e, type: 3}
      propertyPath: m_LocalRotation.z
      value: -0
      objectReference: {fileID: 0}
    - target: {fileID: 4041626896750226, guid: 99f02f99c9384e44f96a578070591d9e, type: 3}
      propertyPath: m_LocalRotation.w
      value: 1
      objectReference: {fileID: 0}
    - target: {fileID: 4041626896750226, guid: 99f02f99c9384e44f96a578070591d9e, type: 3}
      propertyPath: m_RootOrder
      value: 0
      objectReference: {fileID: 0}
    - target: {fileID: 4041626896750226, guid: 99f02f99c9384e44f96a578070591d9e, type: 3}
      propertyPath: m_LocalEulerAnglesHint.x
      value: 0
      objectReference: {fileID: 0}
    - target: {fileID: 4041626896750226, guid: 99f02f99c9384e44f96a578070591d9e, type: 3}
      propertyPath: m_LocalEulerAnglesHint.y
      value: 0
      objectReference: {fileID: 0}
    - target: {fileID: 4041626896750226, guid: 99f02f99c9384e44f96a578070591d9e, type: 3}
      propertyPath: m_LocalEulerAnglesHint.z
      value: 0
      objectReference: {fileID: 0}
    m_RemovedComponents: []
  m_SourcePrefab: {fileID: 100100000, guid: 99f02f99c9384e44f96a578070591d9e, type: 3}
--- !u!4 &3957808121678400106 stripped
Transform:
  m_CorrespondingSourceObject: {fileID: 4041626896750226, guid: 99f02f99c9384e44f96a578070591d9e,
    type: 3}
  m_PrefabInstance: {fileID: 3954915094201294072}
  m_PrefabAsset: {fileID: 0}
