%YAML 1.1
%TAG !u! tag:unity3d.com,2011:
--- !u!1 &120920354986509667
GameObject:
  m_ObjectHideFlags: 0
  m_CorrespondingSourceObject: {fileID: 0}
  m_PrefabInstance: {fileID: 0}
  m_PrefabAsset: {fileID: 0}
  serializedVersion: 6
  m_Component:
  - component: {fileID: 2704066983506547022}
  - component: {fileID: 5331741820613552052}
  m_Layer: 0
  m_Name: Lagam
  m_TagString: Untagged
  m_Icon: {fileID: 0}
  m_NavMeshLayer: 0
  m_StaticEditorFlags: 0
  m_IsActive: 1
--- !u!4 &2704066983506547022
Transform:
  m_ObjectHideFlags: 0
  m_CorrespondingSourceObject: {fileID: 0}
  m_PrefabInstance: {fileID: 0}
  m_PrefabAsset: {fileID: 0}
  m_GameObject: {fileID: 120920354986509667}
  m_LocalRotation: {x: -0.7069834, y: 0, z: 0, w: 0.7072302}
  m_LocalPosition: {x: 4.18, y: -13.86, z: -141.15}
  m_LocalScale: {x: 30, y: 60, z: 10}
  m_Children:
  - {fileID: 2005121541565518401}
  - {fileID: 8253495806805923353}
  - {fileID: 6998964799472160676}
  m_Father: {fileID: 0}
  m_RootOrder: 0
  m_LocalEulerAnglesHint: {x: -89.98, y: 0, z: 0}
--- !u!64 &5331741820613552052
MeshCollider:
  m_ObjectHideFlags: 0
  m_CorrespondingSourceObject: {fileID: 0}
  m_PrefabInstance: {fileID: 0}
  m_PrefabAsset: {fileID: 0}
  m_GameObject: {fileID: 120920354986509667}
  m_Material: {fileID: 0}
  m_IsTrigger: 0
  m_Enabled: 1
  serializedVersion: 3
  m_Convex: 1
  m_CookingOptions: 30
  m_Mesh: {fileID: 0}
--- !u!1 &3262453043844839892
GameObject:
  m_ObjectHideFlags: 0
  m_CorrespondingSourceObject: {fileID: 0}
  m_PrefabInstance: {fileID: 0}
  m_PrefabAsset: {fileID: 0}
  serializedVersion: 6
  m_Component:
  - component: {fileID: 424129544887595265}
  m_Layer: 0
  m_Name: GameObject
  m_TagString: Untagged
  m_Icon: {fileID: 0}
  m_NavMeshLayer: 0
  m_StaticEditorFlags: 0
  m_IsActive: 1
--- !u!4 &424129544887595265
Transform:
  m_ObjectHideFlags: 0
  m_CorrespondingSourceObject: {fileID: 0}
  m_PrefabInstance: {fileID: 0}
  m_PrefabAsset: {fileID: 0}
  m_GameObject: {fileID: 3262453043844839892}
  m_LocalRotation: {x: 0, y: 0, z: 0, w: 1}
  m_LocalPosition: {x: 0, y: 0, z: 0}
  m_LocalScale: {x: 1, y: 1, z: 1}
  m_Children: []
  m_Father: {fileID: 8253495806805923353}
  m_RootOrder: 2
  m_LocalEulerAnglesHint: {x: 0, y: 0, z: 0}
--- !u!1 &8588073036090060720
GameObject:
  m_ObjectHideFlags: 0
  m_CorrespondingSourceObject: {fileID: 0}
  m_PrefabInstance: {fileID: 0}
  m_PrefabAsset: {fileID: 0}
  serializedVersion: 6
  m_Component:
  - component: {fileID: 5066517817974674303}
  m_Layer: 0
  m_Name: GameObject
  m_TagString: Untagged
  m_Icon: {fileID: 0}
  m_NavMeshLayer: 0
  m_StaticEditorFlags: 0
  m_IsActive: 1
--- !u!4 &5066517817974674303
Transform:
  m_ObjectHideFlags: 0
  m_CorrespondingSourceObject: {fileID: 0}
  m_PrefabInstance: {fileID: 0}
  m_PrefabAsset: {fileID: 0}
  m_GameObject: {fileID: 8588073036090060720}
  m_LocalRotation: {x: 0, y: 0, z: 0, w: 1}
  m_LocalPosition: {x: 0, y: 0, z: 0}
  m_LocalScale: {x: 1, y: 1, z: 1}
  m_Children: []
  m_Father: {fileID: 6998964799472160676}
  m_RootOrder: 2
  m_LocalEulerAnglesHint: {x: 0, y: 0, z: 0}
--- !u!1001 &2619940125170853054
PrefabInstance:
  m_ObjectHideFlags: 0
  serializedVersion: 2
  m_Modification:
    m_TransformParent: {fileID: 2704066983506547022}
    m_Modifications:
    - target: {fileID: -927199367670048503, guid: c4d7ae0ff01a3b047aaa8f7ee862e229,
        type: 3}
      propertyPath: m_Name
      value: Sewage (1)
      objectReference: {fileID: 0}
    - target: {fileID: -4216859302048453862, guid: c4d7ae0ff01a3b047aaa8f7ee862e229,
        type: 3}
      propertyPath: m_LocalPosition.x
      value: 0.22000001
      objectReference: {fileID: 0}
    - target: {fileID: -4216859302048453862, guid: c4d7ae0ff01a3b047aaa8f7ee862e229,
        type: 3}
      propertyPath: m_LocalPosition.y
      value: -0.5492
      objectReference: {fileID: 0}
    - target: {fileID: -4216859302048453862, guid: c4d7ae0ff01a3b047aaa8f7ee862e229,
        type: 3}
      propertyPath: m_LocalPosition.z
      value: 0.027
      objectReference: {fileID: 0}
    - target: {fileID: -4216859302048453862, guid: c4d7ae0ff01a3b047aaa8f7ee862e229,
        type: 3}
      propertyPath: m_LocalRotation.x
      value: 0.7071068
      objectReference: {fileID: 0}
    - target: {fileID: -4216859302048453862, guid: c4d7ae0ff01a3b047aaa8f7ee862e229,
        type: 3}
      propertyPath: m_LocalRotation.y
      value: -0
      objectReference: {fileID: 0}
    - target: {fileID: -4216859302048453862, guid: c4d7ae0ff01a3b047aaa8f7ee862e229,
        type: 3}
      propertyPath: m_LocalRotation.z
      value: -0
      objectReference: {fileID: 0}
    - target: {fileID: -4216859302048453862, guid: c4d7ae0ff01a3b047aaa8f7ee862e229,
        type: 3}
      propertyPath: m_LocalRotation.w
      value: 0.7071067
      objectReference: {fileID: 0}
    - target: {fileID: -4216859302048453862, guid: c4d7ae0ff01a3b047aaa8f7ee862e229,
        type: 3}
      propertyPath: m_RootOrder
      value: 2
      objectReference: {fileID: 0}
    - target: {fileID: -4216859302048453862, guid: c4d7ae0ff01a3b047aaa8f7ee862e229,
        type: 3}
      propertyPath: m_LocalEulerAnglesHint.x
      value: 0
      objectReference: {fileID: 0}
    - target: {fileID: -4216859302048453862, guid: c4d7ae0ff01a3b047aaa8f7ee862e229,
        type: 3}
      propertyPath: m_LocalEulerAnglesHint.y
      value: 0
      objectReference: {fileID: 0}
    - target: {fileID: -4216859302048453862, guid: c4d7ae0ff01a3b047aaa8f7ee862e229,
        type: 3}
      propertyPath: m_LocalEulerAnglesHint.z
      value: 0
      objectReference: {fileID: 0}
    - target: {fileID: -4216859302048453862, guid: c4d7ae0ff01a3b047aaa8f7ee862e229,
        type: 3}
      propertyPath: m_LocalScale.x
      value: 0.10000001
      objectReference: {fileID: 0}
    - target: {fileID: -4216859302048453862, guid: c4d7ae0ff01a3b047aaa8f7ee862e229,
        type: 3}
      propertyPath: m_LocalScale.y
      value: 0.30000007
      objectReference: {fileID: 0}
    - target: {fileID: -4216859302048453862, guid: c4d7ae0ff01a3b047aaa8f7ee862e229,
        type: 3}
      propertyPath: m_LocalScale.z
      value: 0.05000001
      objectReference: {fileID: 0}
    m_RemovedComponents: []
  m_SourcePrefab: {fileID: 100100000, guid: c4d7ae0ff01a3b047aaa8f7ee862e229, type: 3}
--- !u!4 &6998964799472160676 stripped
Transform:
  m_CorrespondingSourceObject: {fileID: -4216859302048453862, guid: c4d7ae0ff01a3b047aaa8f7ee862e229,
    type: 3}
  m_PrefabInstance: {fileID: 2619940125170853054}
  m_PrefabAsset: {fileID: 0}
--- !u!1001 &4030997075206241539
PrefabInstance:
  m_ObjectHideFlags: 0
  serializedVersion: 2
  m_Modification:
    m_TransformParent: {fileID: 2704066983506547022}
    m_Modifications:
    - target: {fileID: -927199367670048503, guid: c4d7ae0ff01a3b047aaa8f7ee862e229,
        type: 3}
      propertyPath: m_Name
      value: Sewage
      objectReference: {fileID: 0}
    - target: {fileID: -4216859302048453862, guid: c4d7ae0ff01a3b047aaa8f7ee862e229,
        type: 3}
      propertyPath: m_LocalPosition.x
      value: 0.22000001
      objectReference: {fileID: 0}
    - target: {fileID: -4216859302048453862, guid: c4d7ae0ff01a3b047aaa8f7ee862e229,
        type: 3}
      propertyPath: m_LocalPosition.y
      value: -0.116499834
      objectReference: {fileID: 0}
    - target: {fileID: -4216859302048453862, guid: c4d7ae0ff01a3b047aaa8f7ee862e229,
        type: 3}
      propertyPath: m_LocalPosition.z
      value: 0.026999855
      objectReference: {fileID: 0}
    - target: {fileID: -4216859302048453862, guid: c4d7ae0ff01a3b047aaa8f7ee862e229,
        type: 3}
      propertyPath: m_LocalRotation.x
      value: 0.7071068
      objectReference: {fileID: 0}
    - target: {fileID: -4216859302048453862, guid: c4d7ae0ff01a3b047aaa8f7ee862e229,
        type: 3}
      propertyPath: m_LocalRotation.y
      value: -0
      objectReference: {fileID: 0}
    - target: {fileID: -4216859302048453862, guid: c4d7ae0ff01a3b047aaa8f7ee862e229,
        type: 3}
      propertyPath: m_LocalRotation.z
      value: -0
      objectReference: {fileID: 0}
    - target: {fileID: -4216859302048453862, guid: c4d7ae0ff01a3b047aaa8f7ee862e229,
        type: 3}
      propertyPath: m_LocalRotation.w
      value: 0.7071067
      objectReference: {fileID: 0}
    - target: {fileID: -4216859302048453862, guid: c4d7ae0ff01a3b047aaa8f7ee862e229,
        type: 3}
      propertyPath: m_RootOrder
      value: 1
      objectReference: {fileID: 0}
    - target: {fileID: -4216859302048453862, guid: c4d7ae0ff01a3b047aaa8f7ee862e229,
        type: 3}
      propertyPath: m_LocalEulerAnglesHint.x
      value: 0
      objectReference: {fileID: 0}
    - target: {fileID: -4216859302048453862, guid: c4d7ae0ff01a3b047aaa8f7ee862e229,
        type: 3}
      propertyPath: m_LocalEulerAnglesHint.y
      value: 0
      objectReference: {fileID: 0}
    - target: {fileID: -4216859302048453862, guid: c4d7ae0ff01a3b047aaa8f7ee862e229,
        type: 3}
      propertyPath: m_LocalEulerAnglesHint.z
      value: 0
      objectReference: {fileID: 0}
    - target: {fileID: -4216859302048453862, guid: c4d7ae0ff01a3b047aaa8f7ee862e229,
        type: 3}
      propertyPath: m_LocalScale.x
      value: 0.10000001
      objectReference: {fileID: 0}
    - target: {fileID: -4216859302048453862, guid: c4d7ae0ff01a3b047aaa8f7ee862e229,
        type: 3}
      propertyPath: m_LocalScale.y
      value: 0.30000007
      objectReference: {fileID: 0}
    - target: {fileID: -4216859302048453862, guid: c4d7ae0ff01a3b047aaa8f7ee862e229,
        type: 3}
      propertyPath: m_LocalScale.z
      value: 0.05000001
      objectReference: {fileID: 0}
    m_RemovedComponents: []
  m_SourcePrefab: {fileID: 100100000, guid: c4d7ae0ff01a3b047aaa8f7ee862e229, type: 3}
--- !u!4 &8253495806805923353 stripped
Transform:
  m_CorrespondingSourceObject: {fileID: -4216859302048453862, guid: c4d7ae0ff01a3b047aaa8f7ee862e229,
    type: 3}
  m_PrefabInstance: {fileID: 4030997075206241539}
  m_PrefabAsset: {fileID: 0}
--- !u!1001 &6821031101015177563
PrefabInstance:
  m_ObjectHideFlags: 0
  serializedVersion: 2
  m_Modification:
    m_TransformParent: {fileID: 2704066983506547022}
    m_Modifications:
    - target: {fileID: -927199367670048503, guid: d6348d46feffd7148a8a3d4ba34e397b,
        type: 3}
      propertyPath: m_Name
      value: Floor (1)
      objectReference: {fileID: 0}
    - target: {fileID: -4216859302048453862, guid: d6348d46feffd7148a8a3d4ba34e397b,
        type: 3}
      propertyPath: m_LocalPosition.x
      value: 0
      objectReference: {fileID: 0}
    - target: {fileID: -4216859302048453862, guid: d6348d46feffd7148a8a3d4ba34e397b,
        type: 3}
      propertyPath: m_LocalPosition.y
      value: 0
      objectReference: {fileID: 0}
    - target: {fileID: -4216859302048453862, guid: d6348d46feffd7148a8a3d4ba34e397b,
        type: 3}
      propertyPath: m_LocalPosition.z
      value: 0
      objectReference: {fileID: 0}
    - target: {fileID: -4216859302048453862, guid: d6348d46feffd7148a8a3d4ba34e397b,
        type: 3}
      propertyPath: m_LocalRotation.x
      value: -0
      objectReference: {fileID: 0}
    - target: {fileID: -4216859302048453862, guid: d6348d46feffd7148a8a3d4ba34e397b,
        type: 3}
      propertyPath: m_LocalRotation.y
      value: -0
      objectReference: {fileID: 0}
    - target: {fileID: -4216859302048453862, guid: d6348d46feffd7148a8a3d4ba34e397b,
        type: 3}
      propertyPath: m_LocalRotation.z
      value: -0
      objectReference: {fileID: 0}
    - target: {fileID: -4216859302048453862, guid: d6348d46feffd7148a8a3d4ba34e397b,
        type: 3}
      propertyPath: m_LocalRotation.w
      value: 1
      objectReference: {fileID: 0}
    - target: {fileID: -4216859302048453862, guid: d6348d46feffd7148a8a3d4ba34e397b,
        type: 3}
      propertyPath: m_RootOrder
      value: 0
      objectReference: {fileID: 0}
    - target: {fileID: -4216859302048453862, guid: d6348d46feffd7148a8a3d4ba34e397b,
        type: 3}
      propertyPath: m_LocalEulerAnglesHint.x
      value: 0
      objectReference: {fileID: 0}
    - target: {fileID: -4216859302048453862, guid: d6348d46feffd7148a8a3d4ba34e397b,
        type: 3}
      propertyPath: m_LocalEulerAnglesHint.y
      value: 0
      objectReference: {fileID: 0}
    - target: {fileID: -4216859302048453862, guid: d6348d46feffd7148a8a3d4ba34e397b,
        type: 3}
      propertyPath: m_LocalEulerAnglesHint.z
      value: 0
      objectReference: {fileID: 0}
    - target: {fileID: -4216859302048453862, guid: d6348d46feffd7148a8a3d4ba34e397b,
        type: 3}
      propertyPath: m_LocalScale.x
      value: 1
      objectReference: {fileID: 0}
    - target: {fileID: -4216859302048453862, guid: d6348d46feffd7148a8a3d4ba34e397b,
        type: 3}
      propertyPath: m_LocalScale.y
      value: 1
      objectReference: {fileID: 0}
    - target: {fileID: -4216859302048453862, guid: d6348d46feffd7148a8a3d4ba34e397b,
        type: 3}
      propertyPath: m_LocalScale.z
      value: 1
      objectReference: {fileID: 0}
    m_RemovedComponents: []
  m_SourcePrefab: {fileID: 100100000, guid: d6348d46feffd7148a8a3d4ba34e397b, type: 3}
--- !u!4 &2005121541565518401 stripped
Transform:
  m_CorrespondingSourceObject: {fileID: -4216859302048453862, guid: d6348d46feffd7148a8a3d4ba34e397b,
    type: 3}
  m_PrefabInstance: {fileID: 6821031101015177563}
  m_PrefabAsset: {fileID: 0}
